3088 4926
606 462 734 559 (75)

151 609 215 668 ritu
231 597 283 666 sed
307 605 435 682 quadam
458 622 587 681 superna
611 602 807 682 inspiratione
826 601 918 662 luisse
937 601 1083 677 loquium,
1097 603 1135 659 ita
1157 608 1189 660 ut

151 706 274 788 quidam
303 705 456 785 religiosus
488 723 570 765 sacer
598 704 748 764 carmelita
776 702 855 762 illico
895 720 994 761 coram
1023 702 1189 776 astantibus

155 809 282 869 dixerit:
299 807 433 866 «Facula
448 804 566 878 ardens,
585 824 645 866 non
661 805 762 884 lingua
783 823 888 864 carnea
904 804 1005 881 loquta
1019 812 1064 863 est
1079 825 1106 862 a.

195 908 348 970 Provoluti
363 909 400 968 ad
416 907 507 986 pedes
522 907 652 987 episcopi
668 925 737 966 cum
756 906 890 966 maximis
905 904 1045 979 lacrimis,
1060 904 1189 963 decanus

153 1010 276 1089 maJ'oris
295 1009 417 1069 ecclesie
432 1009 562 1068 loannes
582 1007 619 1066 de
634 1007 763 1081 Quercu‚
777 1006 946 1080 canonicus,
959 1005 1048 1065 etalii
1062 1007 1190 1084 pluresa

154 1109 291 1190 patribus
306 1109 497 1170 ecclesiarum
516 1127 583 1168 cum
599 1108 694 1188 legato
710 1107 802 1180 missi,
815 1107 1023 1187 supplicabant
1036 1106 1189 1166 humiliter

155 1212 242 1289 {troni
254 1211 285 1270 in
298 1209 403 1269 laciem
419 1231 436 1267 u
450 1209 647 1288 utepiscopus
659 1207 748 1267 verba
758 1208 845 1287 legati
854 1206 1191 1286 diligentcractenderct

144 1319 184 1369 et
199 1321 300 1370 mente
315 1309 494 1382 revolveret,
515 1308 688 1389 nullamque
710 1325 775 1367 esse
798 1307 901 1367 salutis
917 1325 1000 1384 spem
1019 1306 1145 1366 civitatis
1160 1316 1191 1365 et

82 1427 84 1432 ’
155 1409 250 1488 patrie
273 1409 330 1469 nisi
353 1417 386 1469 ut
407 1409 470 1487 ipse
492 1409 640 1468 civitatem
668 1406 887 1487 ingrederetur,
909 1425 1013 1488 pacem
1035 1425 1102 1466 cum
1129 1407 1189 1466 suis

155 1509 282 1571 subditis
303 1509 462 1570 habiturus
481 1519 510 1569 et
529 1509 565 1568 ad
585 1507 816 1568 misericordiam
838 1518 869 1568 et
883 1509 1008 1589 gratiam
1025 1526 1075 1567 eos
1091 1525 1191 1586 recep·

156 1624 243 1671 turus
258 1634 286 1670 n.
303 1611 453 1690 segregati
477 1620 547 1670 sunt
568 1609 676 1670 flentes
692 1611 848 1688 episcopus
870 1624 900 1670 et
926 1611 1069 1688 primates
1083 1610 1139 1682 sui,
1153 1609 1190 1668 ad
1221 1601 1223 1606 ’

157 1731 319 1772 numerum
334 1710 398 1771 sere
409 1721 542 1782 centurn,
554 1711 585 1770 in
594 1695 959 1790 proximum'cubiculum,
968 1713 1005 1772 ad
1018 1712 1106 1772 unius
1117 1711 1191 1772 bore

155 1813 295 1891 spatium,
307 1813 400 1871 multa
417 1812 495 1872 inter
509 1831 539 1871 se
554 1813 709 1890 agitantes
720 1814 815 1890 legato
827 1831 895 1872 cum
907 1813 1041 1892 patribus
1053 1813 1110 1872 illis
1122 1825 1191 1873 ante

155 1915 255 1990 ignem
272 1914 378 1974 erectis
393 1931 448 1991 pre
460 1914 554 1974 nimio
572 1914 650 1991 gelu,
664 1913 784 1972 interim
798 1933 874 1993 pane
886 1923 915 1974 et
927 1915 997 1974 vino
1009 1934 1040 1974 sc
1050 1915 1189 1975 reficien-

83 2039 85 2043 ·
156 2014 244 2074 tibus.
1024 2016 1027 2024 '

196 2115 292 2173 Exivit
304 2115 460 2192 episeopus
475 2123 543 2194 post
553 2115 674 2194 longum
684 2116 917 2176 consiliumcurn
931 2117 992 2175 suis
1004 2115 1149 2187 habitum,
1160 2127 1190 2175 et
1201 2127 1352 2193 Responsum·
1399 2127 1434 2184 apt
1530 2109 1533 2124 ‘

156 2215 211 2275 bec
236 2217 268 2274 in
293 2214 402 2275 effectu
428 2215 561 2277 breviter
575 2219 669 2298 legato
687 2218 858 2298 respondit:
878 2240 896 2274 <r
912 2217 1000 2288 Licet,
1024 2217 1190 2278 reverende
1290 2198 1365 2247 δοῦρ’·-

158 2340 175 2373 a
193 2328 286 2396 pater,
298 2317 469 2394 scripserim
481 2337 529 2377 mc
541 2337 603 2378 nou
617 2318 715 2379 valore
728 2338 782 2378 nec
791 2337 877 2397 posse
890 2329 1042 2397 acceptare
1056 2317 1189 2377 cedulam

157 2441 174 2475 a
190 2437 225 2477 cx
242 2426 327 2495 parte
341 2419 530 2480 subditorum
547 2439 683 2479 meorum
700 2419 773 2479 mihi
789 2440 845 2500 per
860 2439 887 2479 v.
904 2440 928 2479 r.
945 2439 974 2497 p.
991 2419 1139 2489 traditam,
1154 2438 1189 2478 ex

158 2541 175 2574 a
191 2537 278 2579 causa
305 2537 393 2596 qnam
414 2521 533 2600 scripsi,
553 2522 590 2581 ob
611 2521 724 2580 litteras
746 2521 783 2580 ab
801 2521 910 2581 illustri
925 2521 1001 2580 duee
1019 2518 1190 2597 Burgundio

158 2643 175 2676 a
192 2639 247 2700 per
262 2639 310 2681 me
324 2631 473 2700 receptas:
487 2624 557 2699 quin
572 2631 671 2683 tamen
681 2621 823 2700 juditium
835 2634 968 2683 vestrum
979 2622 1066 2681 aliter
1076 2620 1190 2691 suadet,

157 2743 175 2777 a
191 2723 238 2781 cui
264 2721 473 2802 obtemperare
499 2723 593 2802 magis
618 2721 713 2782 debeo
741 2733 771 2782 et
796 2733 937 2800 reputare
962 2741 1017 2801 pro
1040 2732 1189 2800 precepto,
1262 2784 1267 2792 ‚

158 2845 175 2880 u
195 2824 335 2902 precibus
350 2843 469 2902 quoqne
487 2824 679 2904 collegiorum
695 2825 884 2884 ecclesiarum
900 2842 1035 2884 mearum
1050 2822 1190 2881 inductus

157 2943 174 2978 a
191 2931 218 2982 et
246 2909 357 2998 llexus,
383 2943 448 2984 cccc
471 2932 593 3004 paratus
616 2943 682 2985 sum
711 2925 858 2986 civitatem
882 2943 978 2984 meam
1001 2923 1117 3002 ingredi
1142 2921 1189 2982 dic

158 3043 175 3078 n
192 3023 309 3082 veneris
325 3024 460 3100 proxime
475 3025 586 3100 lutura,
602 3026 633 3085 in
650 3027 785 3104 prandio,
800 3044 859 3103 quc
871 3025 928 3086 erit
944 3025 1047 3084 ultima
1060 3032 1189 3102 septem·

159 3143 176 3177 »
192 3121 261 3182 bris.
278 3146 296 3180 a
315 3124 500 3203 Rogavitque
514 3125 551 3185 ad
567 3138 682 3205 partem
704 3128 852 3188 instanter
870 3126 999 3204 legatum
1015 3118 1047 3186 ut
1064 3124 1101 3184 ad
1117 3125 1190 3184 civi-

160 3227 250 3284 tatem
277 3227 387 3286 reverti
409 3228 498 3287 vellet
518 3238 547 3288 et
569 3229 708 3289 ordinare
734 3241 768 3289 ut
788 3228 899 3289 subditi
926 3229 971 3288 sui
998 3247 1064 3288 cum
1091 3227 1191 3286 debito

159 3325 256 3403 ipsum
274 3325 399 3402 bonore,
414 3329 580 3390 reverentia
596 3341 626 3388 et
641 3329 808 3390 bumilitate
820 3330 1001 3408 reciperent,
1016 3329 1053 3388 de
1068 3328 1190 3405 reliquis

160 3434 261 3502 postea
276 3427 364 3486 simul
382 3429 534 3488 tractaturi
550 3447 618 3488 cum
633 3429 662 3489 in
676 3429 793 3490 civitate
808 3429 935 3503 luerint3
947 3441 976 3489 et
991 3448 1083 3508 super
1097 3428 1192 3487 omni-

159 3525 215 3585 bus
238 3525 414 3603 simpliciter
438 3548 469 3589 se
492 3529 634 3591 submisit
656 3530 742 3608 legati
762 3530 952 3590 ordinationi.
978 3531 1114 3608 Legatos,
1136 3528 1190 3586 etsi

159 3626 196 3686 ab
210 3625 252 3706 (l)
274 3630 414 3689 violatam
438 3631 507 3690 alias
528 3630 619 3691 fidem
644 3633 726 3692 nullo
749 3635 836 3692 modo
858 3632 888 3692 iu
908 3631 1057 3691 civitatem
1080 3629 1189 3687 reverti

159 3729 313 3788 statuisset
334 3729 384 3788 sed
400 3731 429 3790 in
453 3731 624 3810 propinquo
640 3732 739 3809 aliquo
754 3733 817 3792 loeo
834 3731 952 3800 morari,
968 3730 1065 3790 adbuc
1081 3741 1188 3802 tamen,

153 3892 713 3910 ’.ι-Ἥ

195 3991 231 4054 (t)
245 3992 319 4042 Ltsez
332 3993 372 4042 ob.
