3126 4906
606 466 619 548 ('
648 462 759 548 169)

163 621 180 660 a
193 600 315 662 ciuitate
326 601 496 676 diauatem,
510 601 613 662 multia
627 601 684 663 hoc
697 603 796 664 medio
811 603 918 664 itinere
929 601 1197 683 villulisdispositis

163 702 245 762 iuter
257 711 392 762 montem
407 710 438 761 et
451 703 573 774 Mosam,
588 703 617 761 in
633 701 743 780 quibas
758 722 865 782 magna
878 721 947 780 pars
959 702 1107 764 exercitus
1120 704 1197 764 Bur-

161 802 334 881 gnndorum
362 801 638 862 castrametabatur.
666 804 843 864 Leodienses
868 803 970 880 igitar,
997 803 1073 864 clam
1102 804 1197 868 noctis

162 903 282 964 silentio
292 902 331 963 ab
340 921 375 963 ea
388 911 473 982 parte
485 922 522 963 cx
537 904 687 982 superiori
700 913 784 983 parte
799 903 909 966 montis
925 904 1095 983 irruptione
1109 903 1197 977 iacta,

105 991 107 994 ⁵
162 1016 196 1064 at
218 1004 475 1082 superemineret,
499 1003 669 1083 Burgundii
691 1005 722 1065 in
747 1005 883 1068 inferiori
906 1015 990 1082 parte
1011 1003 1198 1078 sistentibus,

6 1179 8 1220 R
92 1131 94 1134 ·
161 1103 241 1166 edito
260 1105 345 1184 signo
363 1103 623 1166 ictucbombarde
637 1117 668 1168 at
680 1106 851 1187 ingentibus
866 1105 1046 1166 clamoribus
1060 1105 1196 1166 emissis:

168 1207 246 1268 Viva
258 1207 346 1288 Licpe
355 1215 384 1267 at
395 1204 426 1267 lo
437 1205 572 1268 verdum
585 1207 648 1287 (i)!
663 1207 786 1270 dimisso
797 1209 859 1287 jam
875 1208 997 1269 nomine
1011 1207 1090 1286 regis
1100 1205 1196 1286 (post-

162 1327 252 1386 quam
273 1307 488 1368 intellexerunt
508 1309 607 1385 ipsum
625 1309 729 1370 venire
752 1319 786 1371 nt
806 1308 923 1370 bostem
937 1326 1028 1386 quem
1047 1306 1195 1368 fautorem

162 1407 325 1486 sperabant
336 1416 387 1468 aut
396 1408 495 1469 saltim
507 1407 725 1486 mediatorem),
739 1428 847 1489 magno
862 1419 893 1470 et
905 1409 966 1469 aori
981 1408 1097 1486 impetu
1112 1406 1197 1471 inve·

161 1529 228 1572 aere
239 1508 416 1590 Bnrgundos
429 1508 504 1570 nihii
516 1510 575 1570 tale
585 1511 793 1590 suspicantes:
807 1520 892 1571 atrox
907 1520 939 1571 et
952 1517 1112 1570 cruentum
1129 1526 1197 1587 pre·

162 1612 235 1671 iiam
243 1621 342 1671 actum
350 1609 455 1690 est(2);
463 1611 576 1671 territis
585 1610 684 1672 subito
692 1612 815 1672 incursu
826 1610 994 1690 Burgundii
1003 1610 1102 1688 etjam
1115 1621 1196 1690 terga

85 1727 89 1736 ·
161 1712 303 1774 dantibus
324 1713 475 1785 omnibus,
494 1714 624 1774 maxime
644 1714 719 1774 levis
734 1721 887 1774 armature
908 1713 993 1787 viria,
1008 1713 1065 1772 nisi
1082 1711 1196 1774 nobiles

5 1791 7 1808 ⁸
68 1823 73 1828 '
161 1829 190 1874 et
198 1815 384 1875 exercituum
396 1813 496 1887 duces,
509 1801 620 1875 mutam
641 1814 836 1894 ignominiam
848 1814 946 1885 veriti,
960 1812 1088 1890 gloriosa
1099 1822 1197 1874 morte

162 1935 228 1976 eam
251 1916 371 1995 expiare
391 1915 594 1976 decrevissent
609 1915 705 1993 etqui
720 1916 774 1994 (5),
789 1915 952 1993 resumptis
967 1913 1092 1986 viribus,
1107 1914 1197 1976 morti

162 2037 193 2078 se
204 2027 399 2095 exponentes,
408 2017 482 2078 alios
493 2016 640 2078 cohortati
652 2017 782 2077 sisterea
791 2016 873 2094 turpi
884 2016 952 2096 suga
963 2014 1198 2087 continuissent3

161 2127 364 2180 restauratum
379 2126 424 2180 est
438 2118 584 2179 consertis
599 2117 794 2179 mucronibus
808 2117 1071 2198 sanguinolentum
1084 2114 1196 2178 bellum

160 2229 190 2278 et
204 2217 386 2297 productum
408 2218 472 2280 iere
493 2237 589 2296 usque
607 2220 643 2279 ad
664 2237 817 2292 auroram,
830 2218 933 2280 multis
948 2219 1092 2294 utrinque
1106 2216 1199 2278 inter·

161 2320 247 2381 tectis
260 2329 291 2380 et
309 2319 448 2399 pluribus
466 2320 628 2381 crudeliter
648 2320 822 2382 vulneratis.
841 2321 963 2381 Constat
977 2336 1013 2381 eo
1027 2318 1122 2396 prelio
1136 2315 1198 2382 duo

160 2421 318 2481 hominum
335 2420 415 2482 milia
429 2421 587 2482 interiecta
602 2420 695 2482 fuisse
708 2429 739 2481 et
753 2421 842 2494 ultra,
857 2419 981 2480 totidem
993 2419 1149 2480 vulnerata
1161 2436 1197 2480 ex
1237 2471 1240 2476 .

162 2518 345 2600 durgundia,
366 2532 397 2581 ct
416 2521 537 2600 ipsimet
557 2519 731 2582 fatebantur
753 2519 831 2580 ultra
857 2519 938 2579 mille
963 2529 993 2579 et
1017 2517 1198 2596 quingentos

160 2619 333 2681 interfectos
344 2629 397 2682 aut
408 2621 437 2680 in
450 2622 559 2681 btosam
574 2620 758 2694 submersos,
771 2619 901 2696 reliquos
916 2637 953 2680 ex
969 2616 1198 2690 Leodiensibua;

162 2721 255 2783 malta
277 2721 510 2800 burgundorum
531 2733 562 2783 et
583 2721 791 2781 Piccardorum
814 2719 956 2780 cadavera
975 2718 1061 2797 jussu
1083 2717 1197 2796 princi·

162 2841 234 2900 pum
254 2824 402 2884 exercitus
423 2832 584 2901 antequam
599 2822 784 2883 illucesceret
796 2821 828 2880 in
843 2821 954 2880 Mosam
971 2819 1102 2898 projecta
1116 2828 1199 2891 sunt,

162 2943 200 2984 ne
219 2926 249 2984 in
274 2926 339 2985 luce
360 2935 518 3002 conspecta
533 2923 597 2984 aliis
613 2933 760 2984 terrorem
776 2923 968 2982 incuterent:
991 2918 1197 2984 Leodienaiam

162 3025 357 3086 cadaveribus
373 3027 482 3105 passim
498 3025 644 3104 perviam
660 3025 766 3084 ettuta
782 3021 925 3095 dimissis,
948 3033 982 3083 ut
1003 3022 1041 3083 ab
1062 3021 1146 3098 equis
1168 3031 1198 3081 et

195 3371 231 3430 (tt
248 3367 425 3428 cesa-adue,
436 3368 474 3418 dit
485 3369 517 3418 n.
530 3368 629 3430 Estrup,
642 3367 678 3419 les
689 3378 860 3430 compagnons
869 3365 902 3415 dc
911 3365 934 3415 la
945 3366 1019 3415 verte
1030 3369 1107 3424 teate,
1115 3377 1149 3414 ou
1160 3365 1197 3414 tes

164 3456 279 3519 tiegeois
289 3455 341 3518 qni,
354 3454 428 3517 apres
438 3455 509 3504 avoir
520 3454 562 3505 tte
574 3455 705 3518 proscrits,
719 3454 814 3505 e'taiont
825 3453 925 3504 centres
936 3453 999 3503 dans
1011 3452 1033 3502 ta
1045 3451 1103 3503 citt.
1111 3451 1148 3502 ut.
1160 3452 1199 3501 ct·

121 3574 124 3582 ·
163 3543 254 3594 dassus
264 3553 328 3605 page
340 3543 380 3592 15.
707 3549 708 3553 ’
1187 3583 1192 3590 .

199 3627 235 3690 (2)
254 3645 265 3674 a
286 3627 357 3678 Circa
369 3634 485 3691 quartam
498 3627 585 3678 horam
595 3628 628 3678 de
638 3640 712 3678 mane
720 3626 783 3676 exiit
791 3625 918 3676 iohannes
927 3624 959 3675 de
968 3623 1031 3674 Vtile
1043 3636 1088 3686 per
1099 3629 1198 3686 portam

164 3712 351 3778 deviaengnis,
362 3726 420 3764 cum
433 3713 482 3764 attis
494 3714 526 3764 de
539 3712 643 3776 Rinagio
652 3721 678 3764 et
687 3714 719 3765 de
729 3713 915 3776 Fraaobimont‚
924 3718 949 3761 at
957 3709 1197 3762 invasitexercitum

165 3807 187 3852 et
202 3806 273 3851 tanta
285 3799 353 3851 caede
364 3800 499 3864 percussit,
514 3801 581 3863 quod
598 3801 665 3852 ultra
682 3801 733 3852 duo
749 3800 825 3850 miliia
842 3798 1030 3864 sagittariorum
1046 3799 1199 3859 acceperunt

165 3885 276 3950 tagam„
290 3902 301 3932 s
313 3888 434 3950 (Annaea,
445 3887 493 3938 col.
503 3885 551 3936 cot.
566 3886 648 3948 1559.)

198 3975 234 4036 (5)
252 3974 290 4023 Au
303 3973 354 4025 lieu
366 3974 398 4024 de
410 3978 434 4023 et
444 3975 498 4038 qui,
511 3973 574 4023 tisez
586 3979 670 4040 atque.
