3088 4926
624 430 637 523 (
665 425 713 501 87
741 435 754 523 l

171 571 289 650 »juste
310 587 364 648 per
383 585 433 627 vos
456 566 545 645 petita
571 565 695 638 luerint,
711 583 770 642 quc
786 565 874 624 etiam
890 566 950 626 scio
976 567 1055 645 ipsos
1075 567 1203 630 libenter

172 693 191 728 n
212 670 402 749 amplexuros
422 676 452 726 et
474 674 602 726 acturos.
622 663 717 724 Officii
741 665 799 724 mei
817 673 863 724 est
879 666 970 727 verbo
986 677 1016 728 et
1035 667 1141 729 litteris
1165 669 1203 729 ad

171 798 190 833 a
214 792 316 854 pacem
330 771 509 832 dissidentes
529 770 687 839 iuducere;
703 786 772 828 cum
794 787 865 828 vero
886 769 996 830 strictis
1010 772 1202 832 mucronibus

171 898 190 932 »
213 893 265 934 ros
290 872 326 932 ad
344 873 470 952 prelium
492 871 630 930 incensos
653 867 767 943 videro,
792 869 990 930 secedendum
1011 880 1057 932 cst
1080 872 1153 933 mihi
1172 881 1203 932 et

171 998 190 1031 a
211 973 429 1036 orandusDcus
441 982 475 1032 ut
486 971 549 1048 ipse
562 988 683 1030 manum
697 987 781 1029 suam
792 981 932 1049 apponat,
946 971 1201 1049 preliumdirimat

170 1100 189 1134 a
212 1089 242 1137 et
255 1087 371 1138 mentes
393 1075 501 1152 dirigat
520 1074 550 1132 in
567 1091 651 1132 suam
671 1071 866 1132 voluntatem.
889 1073 925 1131 Et
945 1073 1096 1149 quoniam,
1118 1084 1151 1134 ut
1164 1091 1200 1133 en

171 1181 189 1235 '›>
212 1177 311 1238 verbis
336 1177 442 1236 vestris
470 1174 611 1252 intelligo,
638 1173 764 1232 crastina
788 1173 835 1239 die
854 1173 1002 1232 civitatem
1029 1191 1200 1254 expugnare

172 1301 189 1335 a
212 1278 340 1338 statuitis
355 1275 409 1357 (l),
429 1275 552 1336 consulo
573 1283 603 1334 et
621 1273 731 1334 suadeo
747 1292 784 1332 nc
806 1273 933 1347 laciatis3
951 1272 1199 1334 invenietisenim

170 1403 188 1436 >s
211 1382 323 1440 animas
339 1377 568 1456 contemptrices
584 1375 688 1435 mortis
710 1374 746 1434 ad
768 1375 968 1436 resistendum
991 1375 1075 1436 vohis
1101 1394 1199 1454 prom-

170 1501 188 1535 »
213 1489 287 1558 ptos,
299 1481 388 1538 ctiam
401 1479 424 1538 si
436 1478 591 1557 pauciores
602 1487 702 1535 essent
713 1492 802 1553 quam
817 1475 890 1548 sitis,
905 1493 974 1534 eum
991 1475 1126 1554 prolecto
1139 1477 1200 1537 sint

168 1602 187 1636 a
211 1597 338 1639 numero
366 1577 449 1639 robis
483 1578 583 1656 plures
608 1585 637 1636 et
665 1577 765 1635 animo
794 1576 1020 1647 obstinatiores;
1043 1576 1103 1636 imo
1128 1577 1202 1638 satis

169 1701 187 1735 »
210 1681 344 1758 suspicor
368 1698 404 1738 ex
425 1677 472 1738 his
490 1694 549 1754 quc
575 1675 736 1753 conjector,
765 1694 803 1733 ne
829 1675 885 1753 ipsi
908 1693 959 1735 vos
981 1676 1124 1735 invadant
1148 1688 1199 1737 aut

168 1805 187 1838 »
208 1782 321 1860 aliquid
343 1781 441 1859 magni
465 1778 685 1848 machinentur,
701 1795 769 1835 cum
788 1776 850 1854 jam
870 1775 960 1836 biduo
981 1787 1135 1856 postquam
1156 1780 1198 1838 eis

168 1883 313 1962 »scripsi
341 1879 638 1942 salvumconductum
672 1895 725 1954 per
751 1895 804 1936 vos
830 1885 968 1954 negatum
991 1877 1025 1934 ad
1051 1894 1098 1935 mc
1124 1876 1197 1936 nihil

167 2005 185 2039 a
209 1983 426 2062 rescripserint,
442 1999 509 2040 cum
524 1978 647 2058 singulis
662 1977 768 2038 diebus
780 1976 865 2037 binos
879 1977 916 2036 ad
931 1977 1030 2036 minus
1045 1977 1196 2057 numptius

167 2106 185 2140 a
208 2092 237 2143 et
257 2083 371 2144 litteras
391 2083 429 2142 ah
449 2082 522 2162 ipsis
546 2080 679 2157 recipere
699 2079 754 2139 sim
777 2079 900 2156 solitus;¹
925 2079 1074 2138 continuis
1095 2089 1194 2140 autom

166 2207 184 2242 n
207 2185 253 2246 his
278 2184 395 2246 duobus
418 2184 524 2263 elapsis
550 2181 656 2242 diebus
679 2192 709 2243 et
730 2181 866 2242 noctibus
890 2181 920 2240 in
947 2181 1075 2241 consiliis
1105 2182 1196 2244 luisse

166 2311 185 2344 a
208 2296 348 2361 versatos,
363 2303 423 2347 non
445 2285 476 2344 in
498 2283 588 2344 alium
611 2283 702 2342 linem
727 2293 760 2342 ut
773 2283 882 2362 opinor
903 2299 993 2358 quam
1011 2292 1044 2341 ut
1058 2283 1195 2360 aliquem,

166 2410 184 2443 n
207 2388 230 2446 si
254 2385 398 2446 conmode
421 2394 555 2465 possunt,
577 2382 719 2444 insultum
747 2392 849 2442 contra
870 2400 922 2442 vos
946 2382 1065 2454 faciant,
1088 2393 1139 2442 aut
1158 2382 1194 2443 dc

167 2511 184 2545 n
207 2488 464 2566 transmigratione
485 2503 552 2545 cum
569 2484 722 2556 uxoribus,
742 2483 811 2543 filiis
826 2495 856 2543 et
871 2483 956 2543 honis
972 2483 1033 2544 suis
1045 2483 1195 2556 ordinent,

165 2611 183 2645 a
205 2589 323 2648 civitate
338 2588 462 2668 spoliala
474 2595 504 2647 et
518 2587 648 2659 incensa,
665 2595 754 2664 prout
765 2584 836 2644 alias
851 2585 1019 2662 cogitarunt
1033 2592 1063 2643 et
1078 2583 1195 2663 puhlicc
1281 2625 1283 2628 v

165 2711 183 2744 »
205 2689 331 2768 professi
350 2698 430 2748 sunt.
447 2689 508 2767 Ego
519 2686 580 2765 jam
599 2703 666 2745 cum
680 2685 819 2763 Apostolo
837 2685 935 2744 dicere
948 2702 1068 2763 possum
1081 2703 1088 2742 ε
1102 2685 1193 2745 Inno-

165 2811 182 2845 »
204 2809 274 2850 cens
288 2809 342 2868 ego
353 2808 420 2850 sum
435 2787 608 2867 asanguine
629 2787 763 2846 omnium
785 2795 933 2859 vestrum3
949 2803 1008 2844 non
1024 2787 1104 2845 enim
1120 2784 1191 2846 suh-

165 2912 182 2947 »
204 2891 313 2972 terlugi
340 2892 500 2968 quominus
528 2890 732 2949 antrnctiarem
763 2887 848 2948 vohis
876 2906 995 2947 omnem
1027 2888 1192 2949 veritatem.
1228 2965 1230 2970 Ι

164 3014 182 3048 n
203 2995 278 3054 Date
309 2993 382 3052 mihi
417 2992 492 3052 lidos
528 2991 651 3052 comites
679 3009 746 3050 cum
784 2989 893 3066 quibus
927 2998 989 3050 tute
1025 2991 1192 3070 Trajcctum
1207 3001 1452 3073 Pctitlcgatuscomi-

163 3114 181 3149 a
203 3094 330 3154 crastina
350 3093 397 3153 die
415 3102 518 3172 petere
541 3092 666 3170 possim,
690 3091 733 3150 rei
756 3101 897 3151 eventum
915 3092 1143 3168 prestolaturus,
1165 3103 1194 3152 ct
1226 3067 1341 3124 ·¹¹'³m'¹‘
1354 3061 1452 3110 secema

164 3193 244 3254 >ribi
259 3185 397 3255 inveniar
414 3195 437 3254 si
456 3194 502 3254 cui
519 3212 608 3273 opera
625 3213 688 3253 mcc
701 3212 776 3271 opus
793 3191 892 3254 luerit.
907 3214 925 3250 n
941 3195 975 3254 Et
986 3192 1053 3253 data
1072 3194 1195 3273 singulis

162 3294 277 3371 dextra,
289 3314 357 3356 cum
370 3295 431 3373 jam
448 3315 507 3356 nor
522 3306 610 3369 asset,
626 3297 690 3356 vale
702 3294 739 3354 ab
755 3295 826 3372 ipsis
841 3295 954 3372 legatus
970 3294 1088 3363 iaciens,
1101 3314 1193 3355 unum

162 3396 199 3458 de
214 3397 275 3456 suis
291 3397 460 3474 Traiectum
476 3396 555 3456 misit
575 3395 632 3454 iter
647 3405 677 3455 et
692 3393 856 3475 hospitium
876 3394 933 3455 sibi
951 3405 1191 3472 preparaturum;

163 3496 405 3573 conmissumquc
414 3493 583 3556 estcuidam
593 3494 676 3554 militi
691 3505 723 3555 ut
734 3513 802 3553 cum
814 3493 936 3555 cohorte
949 3513 1007 3554 una
1018 3494 1142 3556 iteneris
1151 3493 1194 3576 (t)

127 3587 130 3592 ’
164 3599 251 3680 legati
265 3617 363 3659 comcs
378 3599 518 3660 existeret
540 3615 634 3674 usque
649 3596 826 3675 Trajectum.
896 3671 899 3675 y

194 3865 230 3924 (t)
249 3862 322 3914 Liscz
330 3862 470 3914 statuistis.

194 3948 231 4009 (2)
247 3948 320 3999 hisez
332 3948 444 3999 itineris.
