3126 4906
286 587 289 595 '
365 583 467 635 exorta
479 583 532 641 cst,
546 589 640 649 usquc
651 571 688 632 ad
699 571 893 632 contumelias
904 581 935 631 et
945 569 1009 630 fere
1021 571 1057 630 ad
1070 586 1168 645 srma3
1180 571 1402 634 intermittebat

366 696 398 738 se
418 677 589 755 episcopus,
606 673 792 751 precabatur,
809 672 930 746 orabat;
949 673 1080 750 denique
1100 693 1154 752 pro
1169 687 1402 758 quantacunque

367 776 561 854 pecuniarum
574 792 689 834 summa
701 793 733 834 sc
745 772 951 858 fidejussorem
963 773 1130 850 spondebat
1141 766 1196 853 pro
1208 773 1402 853 legato‚'quod

367 880 433 939 sine
445 877 529 937 ducis
544 877 696 937 voluntate
717 872 871 951 nunquam
890 873 1086 935 descenderet
1098 874 1159 956 (liz
1175 875 1283 937 annuit
1301 876 1402 956 Argue

367 979 552 1058 fidejussioni
564 978 695 1058 episcopi
708 996 761 1055 pro
774 977 877 1058 viginti
889 977 1010 1036 milibus
1024 975 1157 1050 florenis,
1166 978 1189 1038 si
1201 979 1314 1056 legatus
1325 976 1403 1037 fide·

364 1080 491 1158 jussioni
506 1078 701 1152 consentirem
715 1077 866 1139 consensit
882 1077 993 1156 legatus
1008 1078 1161 1154 sponsioni
1177 1079 1318 1157 episcopi,
1332 1078 1401 1139 data

368 1180 438 1254 lide,
454 1191 545 1257 utque
561 1179 721 1238 familiares
736 1197 805 1238 suos
824 1177 996 1237 humaniter
1016 1185 1165 1237 tractaret.
1182 1180 1282 1255 ltaque
1300 1187 1401 1238 ectum

368 1293 421 1358 cst,
430 1292 459 1342 et
471 1282 569 1360 Argue
580 1297 648 1340 cum
660 1280 720 1341 suis
731 1279 865 1339 discessit
874 1297 943 1338 cum
954 1279 1019 1338 aliis
1030 1278 1179 1338 civitatem
1187 1279 1399 1359 expugnaturi.

408 1382 579 1445 suadebant
599 1382 758 1461 episeopus
778 1389 808 1438 et
830 1378 1050 1439 llumbercourt
1072 1390 1105 1438 ut
1123 1379 1235 1458 legatus
1250 1399 1265 1437 a
1281 1379 1343 1438 loco
1362 1377 1401 1438 dc

369 1487 449 1545 Foux
466 1501 525 1542 non
538 1480 703 1542 diseederet
718 1490 809 1556 utque
821 1479 862 1540 ibi
875 1487 1045 1538 moraretur
1058 1477 1152 1538 donec
1167 1479 1275 1556 aliquis
1290 1497 1305 1538 a
1324 1478 1402 1538 duce

266 1567 269 1572 ¹
367 1586 403 1645 ad
426 1602 477 1644 eos
499 1580 912 1659 vcui1·et,relduxipsecum
926 1598 995 1659 rege
1010 1577 1052 1656 (b)
1068 1581 1160 1658 magis
1175 1573 1402 1658 appropinqua·

368 1684 619 1768 rct(eranlen1m
635 1681 672 1741 ad
690 1681 800 1741 dietam
823 1679 955 1759 proximi
966 1680 1009 1758 (5)
1024 1681 1112 1740 simul
1128 1678 1303 1758 venientes),
1326 1697 1403 1739 neve

368 1784 558 1846 incomodum
574 1791 729 1862 pateretur
746 1781 770 1842 si
792 1800 861 1840 cum
880 1780 1011 1842 exercitu
1031 1780 1066 1840 ud
1089 1780 1200 1851 bellum
1216 1777 1401 1857 procederet.

368 1889 434 1946 Nou
450 1886 546 1946 risum
566 1892 612 1944 est
629 1884 724 1961 legato
740 1890 838 1942 tutum
857 1881 913 1940 sibi
932 1891 966 1940 ut
983 1897 1051 1940 cum
1072 1881 1172 1960 paucis
1190 1880 1252 1940 suis
1272 1891 1402 1957 quatuor

368 1987 409 2047 ibi
425 1989 488 2046 loco
503 1985 613 2045 rustico
628 1994 658 2044 et
673 1982 822 2043 inmunito
839 1992 1018 2054 remaneret,
1033 1981 1174 2042 omnibus
1189 1980 1226 2040 ad
1246 1999 1403 2061 expugna·

369 2088 480 2147 tionem
501 2084 628 2145 civitatis
649 2082 917 2162 proficiscentibus,
935 2082 974 2142 ob
995 2083 1097 2162 plures
1117 2083 1254 2143 sinistros
1273 2093 1401 2143 eventus

368 2198 398 2247 et
413 2186 544 2265 pericula
559 2203 617 2262 que
632 2185 681 2243 toli
705 2194 839 2262 tempore
859 2193 888 2243 et
908 2185 972 2244 loco
990 2183 1164 2264 contingere
1179 2183 1357 2263 potuissent,
1371 2193 1403 2244 et

369 2287 497 2346 maxime
511 2303 579 2345 curu
595 2285 626 2344 in
642 2295 724 2345 motu
740 2294 905 2344 castrorum
920 2285 1018 2344 omnia
1035 2283 1228 2345 traderentur
1248 2284 1398 2355 iuoeudio;

369 2406 462 2466 quare
489 2387 662 2466 episcopum
688 2395 718 2446 et
743 2384 965 2446 Humbercourt
987 2385 1142 2465 requisivit
1170 2398 1215 2463 ut,
1245 2385 1319 2446 datis
1344 2384 1401 2448 sibi

369 2487 518 2566 aliquibus
540 2487 606 2547 fidis
630 2485 788 2548 comitibus
808 2494 839 2544 et
860 2487 923 2545 loco
948 2485 1066 2546 decenti
1092 2497 1125 2546 ut
1148 2486 1332 2547 commodius
1350 2504 1401 2548 eos

369 2589 453 2667 sequi
473 2597 637 2668 possetne
658 2585 884 2666 ipse'inbermis
903 2595 1087 2648 armatorum
1102 2585 1259 2647 ordinibus
1273 2585 1401 2666 impedi·

307 2717 310 2722 ·
370 2699 471 2750 meuto
482 2696 570 2762 esset,
581 2699 633 2748 aut
644 2688 685 2747 illi
701 2687 769 2761 sibi,
780 2686 823 2766 (l)
836 2687 941 2746 ordine
952 2705 1006 2746 suo
1018 2688 1054 2747 ad
1069 2688 1179 2747 bellum
1191 2685 1401 2767 procederent3

370 2799 442 2850 tunc
452 2790 529 2868 jussi
543 2799 615 2848 sunt
626 2788 685 2849 duo
697 2787 805 2847 milites
815 2788 950 2846 comitari
965 2787 1105 2866 legatum,
1113 2788 1176 2849 loco
1187 2788 1323 2849 instituto
1335 2798 1404 2866 post

371 2891 510 2952 ultimum
534 2897 719 2948 armatorum
745 2887 898 2961 ordinem,
919 2889 1031 2949 directe
1058 2897 1124 2966 post
1149 2888 1402 2969 militariasigna.

371 2989 527 3052 Incedebat
547 2991 627 3049 enim
640 3007 756 3068 agmen,
775 2989 869 3048 instar
883 3007 968 3048 arcus
987 2988 1032 3048 vel
1050 3006 1154 3059 cornu,
1170 2988 1268 3048 tribus
1286 2988 1401 3049 ordini·

372 3092 428 3152 bus
448 3109 455 3149 ε
478 3091 575 3169 primo
597 3089 736 3149 lancearii
760 3099 791 3148 et
814 3081 958 3148 balistarii
984 3087 1110 3167 peditem
1133 3089 1253 3149 demum
1274 3088 1404 3149 archite-

372 3203 478 3252 nentes
499 3211 574 3269 quos
596 3192 652 3271 ipsi
668 3203 774 3252 vocant
790 3189 919 3267 archien,
936 3193 1062 3269 eqirites,
1077 3210 1169 3272 super
1189 3210 1296 3270 porros
1309 3209 1404 3270 equus

370 3303 502 3354 assuetos
517 3293 581 3354 loco
595 3312 626 3353 se
642 3311 702 3353 non
717 3311 837 3352 morere
851 3311 919 3352 cum
935 3293 976 3351 illi
991 3292 1021 3351 in
1038 3293 1132 3370 prelio
1145 3294 1230 3370 cquis
1241 3291 1403 3365 desiliuut;

370 3395 493 3458 tertium
516 3393 654 3456 ordinem
680 3395 788 3455 milites
811 3404 926 3461 tenent;
951 3393 1136 3472 principibus
1160 3395 1307 3454 exercitus
1333 3411 1404 3453 cum

402 3700 439 3763 (l)
457 3700 529 3749 lisez
540 3699 688 3750 discederet.

402 3785 440 3848 (ι)
457 3783 558 3834 Scilicet
570 3784 741 3834 Francorum.

402 3869 438 3934 (5)
457 3869 529 3918 Lisez
539 3870 712 3931 proximam?
723 3871 833 3934 l'ignore
846 3870 859 3920 'a
873 3869 932 3930 quoi
945 3867 1067 3922 Onulrius
1080 3867 1126 3916 icit
1137 3867 1253 3917 allusion.

404 3955 440 4019 (l)
459 3955 584 4018 Supple'ez
596 3970 662 4008 eum
