3088 4926
776 435 977 527 ’(106)

390 581 462 640 tado
483 589 517 639 ut
538 578 713 660 magistrum
734 573 897 635 Robertum
918 573 1159 636 archidiaconum
1173 577 1277 656 (quem
1294 581 1422 662 'tongris

389 680 567 742 semivivum
582 679 719 739 relictum
734 678 766 739 in
780 676 867 755 legati
880 676 1017 737 cubiculo
1031 696 1123 756 supra
1138 681 1342 754 narravimus,
1366 683 1422 744 sab

390 780 522 842 custodia
535 780 663 840 duorum
676 797 710 839 ex
723 775 810 856 legati
825 775 1030 852 familiaribus)
1040 780 1156 839 salvum
1167 779 1285 841 videret
1299 792 1330 841 ct
1343 783 1421 862 apud

391 900 423 942 se
437 880 570 955 haberet,
585 897 674 956 quern
689 893 880 954 summopere
894 875 1050 954 diligebam
1064 897 1119 938 nec
1133 879 1235 940 minor
1248 881 1344 959 ipsius
1358 883 1423 961 epi-

391 983 472 1063 scopi
494 992 524 1043 ct
544 981 670 1041 aliorum
693 977 838 1039 nobilium
855 977 1041 1056 captivorum
1055 998 1127 1039 cura
1143 993 1207 1040 crat
1222 992 1253 1041 nt
1271 984 1423 1060 pecunias,

390 1094 531 1164 argentea
546 1101 626 1154 vasa,
640 1098 732 1150 arma,
743 1097 791 1139 res
801 1089 830 1139 et
842 1079 919 1140 bona
930 1097 988 1157 que
999 1080 1030 1139 in
1041 1081 1129 1159 legati
1143 1082 1282 1143 cubiculo
1296 1085 1422 1164 tongris

390 1187 585 1262 reliquerant,
601 1181 638 1243 ad
653 1200 703 1242 eoa
717 1181 748 1241 in
763 1181 880 1242 civitate
890 1179 1117 1243 delen-crentur
1129 1185 1185 1263 (l);
1200 1183 1240 1244 ob
1253 1204 1345 1263 quam
1356 1205 1424 1247 can-

391 1305 453 1347 sam
475 1285 557 1346 missi
578 1301 614 1344 ex
636 1283 753 1342 civitate
774 1281 903 1361 numptii
925 1283 1027 1360 plures
1040 1301 1108 1343 cum
1123 1284 1222 1344 tribus
1236 1286 1380 1364 plaustris
1394 1297 1422 1347 ct

393 1406 452 1448 una
467 1385 569 1447 lectica
584 1384 621 1444 ad
636 1382 832 1443 deferendum
847 1382 924 1443 bona
937 1383 1002 1460 ipsa
1016 1391 1047 1443 et
1060 1384 1236 1464 magistrum
1258 1387 1420 1447 Robcrtum

392 1487 536 1561 saucium,
558 1484 695 1546 videlicet
716 1482 775 1543 dno
796 1501 832 1543 ex
854 1483 940 1562 legati
962 1482 1157 1545 familiaribus
1170 1504 1238 1546 cum
1254 1487 1381 1565 insignis
1394 1496 1423 1548 et

392 1589 483 1649 armis
499 1585 647 1666 pontificis
663 1584 785 1645 maximi
798 1584 891 1659 Pauli,
905 1583 965 1644 duo
979 1603 1046 1646 cum
1062 1586 1187 1666 insignis
1201 1599 1231 1649 et
1244 1590 1338 1648 armis
1358 1589 1421 1668 cpi·

392 1689 488 1769 scopi,
511 1701 541 1750 ct
562 1705 641 1748 unus
662 1686 737 1746 alius
758 1704 826 1745 cum
847 1687 938 1744 armis
958 1686 1098 1761 civitatis,
1121 1699 1153 1746 nt
1174 1690 1239 1748 siae
1259 1689 1376 1750 offensa
1395 1699 1423 1749 et

393 1789 607 1870 impedimento
623 1787 727 1848 venire
741 1797 870 1864 possent.
886 1787 991 1847 Fuerat
1007 1785 1094 1866 legati
1107 1791 1254 1850 sententia
1270 1801 1305 1850 ut
1320 1791 1423 1871 magia-

393 1900 439 1951 ter
456 1889 604 1952 Robertus
620 1907 678 1948 non
698 1887 847 1961 leodium,
863 1897 985 1964 propter
1000 1889 1163 1947 multorum
1177 1889 1281 1949 odium
1297 1891 1328 1949 in
1343 1909 1422 1966 cum,

392 1991 444 2052 sed
457 1991 627 2069 Trajectum
641 1988 857 2060 deduceretur3
872 1987 935 2064 ipsc
949 2005 1030 2061 vero,
1045 1987 1083 2047 ab
1096 1987 1247 2067 aliquibus
1261 2008 1422 2069 persuasus

394 2102 457 2152 tute
472 2088 612 2151 Leodium
629 2100 731 2167 potero
746 2104 844 2166 posse,
858 2105 892 2146 ac
906 2087 1053 2148 desiderio
1067 2090 1207 2149 manendi
1226 2091 1307 2168 apud
1327 2090 1422 2151 dami-

395 2211 468 2253 num
479 2210 567 2252 suum
581 2192 764 2268 episcopum,
778 2189 874 2267 potius
889 2189 1028 2249 Leodium
1044 2208 1075 2248 sc
1090 2189 1157 2249 duci
1168 2191 1261 2269 jussit
1276 2205 1307 2252 et
1320 2193 1423 2252 voluit

137 2304 289 2368 seponantur
323 2299 382 2344 bona
395 2295 470 2353 Cum
492 2293 524 2353 hi
544 2310 649 2353 omnes
669 2290 796 2369 Tongris
817 2291 1019 2365 accessissent,
1034 2293 1162 2370 sumptis
1181 2311 1274 2370 super
1295 2294 1422 2370 plaustra

166 2371 267 2475 ΞῌΞΞἪ
282 2355 382 2461 &abib
396 2393 480 2453 bonis
502 2392 574 2472 ipsis
595 2401 624 2452 ct
644 2390 786 2471 magistro
808 2389 937 2451 lieberto
951 2391 981 2448 in
997 2391 1097 2449 lectica
1112 2410 1193 2470 egro,
1205 2393 1258 2452 leti
1274 2393 1423 2453 civitatem
1529 2447 1530 2456 ι

397 2497 587 2576 repetebant,
601 2495 703 2554 multis
718 2493 901 2574 predonibus
916 2493 999 2554 iactis
1013 2492 1130 2554 obviam
1146 2495 1233 2573 ipsis,
1249 2496 1425 2557 sciscitanti·

397 2599 453 2661 bus
468 2598 624 2677 cujusnam
640 2595 716 2656 bona
732 2604 845 2668 essent,
865 2593 967 2654 audito
988 2613 1140 2655 armorum
1163 2608 1193 2655 et
1213 2607 1424 2676 argenteorum

395 2717 535 2762 vasorum
551 2716 624 2758 sono
636 2716 643 2756 ε
657 2715 786 2774 cumque
797 2695 869 2772 ipsis
881 2713 1057 2772 responsum
1070 2703 1148 2756 essct
1159 2695 1235 2756 bona
1247 2698 1284 2758 ad
1297 2698 1424 2777 legatam

396 2811 425 2861 et
438 2799 611 2879 episcopum
631 2798 793 2877 pertinere,
812 2796 882 2856 visis
901 2815 1005 2855 eorum
1027 2797 1149 2874 insignis
1170 2816 1263 2876 super
1285 2799 1425 2878 plaustra.
1530 2809 1531 2864 l

397 2902 504 2961 intacta
516 2911 545 2958 et
556 2900 648 2958 inlesa
660 2897 822 2975 permisere
837 2895 966 2965 delerri3
981 2907 1066 2957 erant
1079 2907 1178 2956 autem
1193 2899 1426 2959 concomitantcs
1529 2925 1531 2982 ι

398 3004 529 3080 plaustra
544 3018 647 3060 omnes
661 3000 697 3059 ad
715 3014 875 3058 numerum
890 3009 964 3060 octo.
1530 2985 1531 2988 ¹

438 3105 521 3162 lnter
534 3100 748 3180 ambulandum
764 3100 940 3179 preteriens,
954 3099 1074 3176 quidam
1090 3100 1263 3161 adolescens
1277 3102 1425 3182 interoga-

400 3204 449 3264 bat
463 3202 504 3284 (i)
518 3203 656 3280 quisnam
679 3219 749 3282 eger
770 3202 820 3262 ille
841 3213 920 3260 asset
933 3202 982 3279 qui
1003 3202 1033 3261 in
1054 3203 1153 3262 lectica
1168 3201 1341 3263 delei-retur
1355 3223 1362 3263 :
1378 3207 1427 3281 qui
1530 3257 1531 3262 ,

398 3323 465 3365 cum
486 3304 680 3366 intellexisset
701 3321 765 3362 esse
787 3301 961 3381 magistrum
983 3302 1146 3362 Robcrtum
1174 3302 1429 3380 archidiaconum,
1530 3299 1531 3364 ]

398 3423 558 3466 accurrens
579 3404 616 3463 ad
638 3402 783 3480 quosdam
806 3403 919 3480 pedites
941 3403 991 3479 qui
1012 3403 1179 3478 anteibant,
1194 3403 1250 3464 hoc
1265 3407 1308 3466 cis
1322 3417 1427 3467 notum
1530 3431 1531 3440 ι

399 3507 483 3581 lecit3
498 3507 551 3585 qui
562 3506 703 3566 continuo
715 3505 874 3566 redeuntes
884 3504 921 3565 ad
933 3506 1073 3584 plaustra,
1083 3524 1151 3566 seve
1162 3508 1316 3587 rugientes
1327 3507 1428 3588 ipsum
1529 3523 1531 3590 ᾗ

431 3853 467 3917 lt)
483 3855 556 3904 liaez
568 3855 740 3918 deferrentur.

431 3940 468 4005 (i)
484 3940 606 3991 Onulrius
616 3939 680 3991 berit
691 3944 793 4002 partout
802 3939 966 4001 iuterropurc
977 3950 1037 3987 avec
1050 3951 1083 3987 un
1096 3938 1149 3988 seul
1162 3950 1182 3986 ι.
