3088 4926
352 575 473 635 Summa
489 568 626 648 responsi
647 567 866 628 llumbereourt
881 566 918 626 ad
933 565 1063 646 legatum
1084 577 1114 626 et
1134 567 1308 644 episcopum
1332 564 1390 626 bec

352 674 409 734 luit
424 693 457 734 ex
475 669 728 739 Sancto-Tridone
744 689 751 728 τ
768 688 875 750 rogans
891 669 1019 748 legatum
1037 689 1055 725 t<
1072 675 1105 727 ut
1123 679 1270 746 quantum
1288 675 1391 747 posset

352 794 407 855 pro
419 793 490 853 pace
501 773 650 833 laboraret
661 783 691 831 et
701 771 879 834 leodienses
893 768 930 829 ad
946 769 1130 829 voluntatem
1146 768 1230 829 ducis
1245 768 1390 828 inducere

352 875 486 936 studeret
493 893 502 948 ;
517 873 621 952 etipse
633 871 762 932 vicissim
773 891 809 932 ex
821 890 873 932 sua
888 881 983 950 parte,
995 888 1049 947 pro
1064 869 1179 930 honore
1190 869 1254 942 Dei,
1266 869 1390 948 gloriosi

352 977 484 1038 martiris
494 975 587 1036 saneti
600 973 869 1048 Lambertl,sancte
880 968 960 1032 sedis
971 969 1133 1050 apostolice
1144 983 1173 1032 et
1184 970 1278 1050 ipsius
1291 969 1392 1048 legati,

352 1099 385 1138 ac
401 1078 488 1138 etiam
504 1084 628 1156 propter
642 1092 774 1133 amorem
790 1091 879 1150 quem
894 1082 1013 1149 gereret
1027 1071 1065 1131 ad
1087 1071 1235 1131 civitatem
1255 1070 1391 1142 eteives,

352 1179 416 1256 ipse
431 1175 474 1254 (l)
494 1175 593 1234 taliter
614 1179 791 1250 operaretur
811 1171 892 1248 quod
914 1171 1021 1231 merito
1041 1172 1155 1250 legatus
1178 1171 1300 1232 debebit
1319 1189 1386 1231 esse

350 1285 510 1337 contentus
523 1274 561 1334 de
576 1292 621 1345 eo,
636 1291 704 1332 cum
720 1273 773 1332 Dei
789 1273 897 1332 auxilio
912 1279 943 1332 et
957 1283 1127 1332 sanctorum
1143 1272 1216 1350 ojus.
1233 1294 1250 1329 a

392 1380 452 1439 liae
465 1377 609 1436 relatione
624 1374 791 1453 subseepta‚
806 1373 920 1452 legatus
934 1374 1044 1433 iterum
1060 1374 1228 1433 convocatis
1248 1373 1386 1453 primati·

352 1479 407 1538 bus
428 1476 554 1542 civitatis
575 1486 605 1535 et
626 1475 741 1534 clericis
762 1477 831 1533 cum
852 1474 979 1533 maxima
1007 1473 1109 1552 populi
1134 1473 1318 1535 multitudini
1333 1473 1386 1553 (⁸2),

351 1597 451 1640 coram
466 1577 605 1657 episeopo
621 1575 773 1654 prioribus
788 1574 978 1636 sermonibus
993 1573 1024 1634 in
1040 1573 1149 1636 effectu
1170 1576 1208 1636 ad
1224 1585 1277 1636 'eos
1299 1586 1386 1654 repe·

352 1681 428 1755 titis,
451 1701 469 1736 a
492 1696 542 1738 eos
563 1676 600 1737 ad
622 1678 675 1737 Dei
699 1677 836 1736 timorem
860 1675 1004 1736 inducere
1029 1677 1202 1755 servireque
1229 1695 1330 1762 pacem
1356 1688 1385 1736 et

352 1780 540 1842 concordiam
552 1779 631 1863 inter
643 1797 674 1838 se
685 1779 765 1857 ipsos
777 1778 885 1856 primo,
896 1763 1021 1837 demum
1030 1796 1097 1837 eum
1111 1777 1247 1838 finitimis
1259 1778 1387 1860 populis,

353 1882 528 1943 tertiorum
550 1879 655 1939 vicinis
678 1879 866 1958 principibus
887 1889 918 1938 et
941 1881 1069 1943 maxime
1091 1897 1159 1938 cum
1181 1878 1292 1939 illustri
1311 1879 1386 1939 duce

351 1981 534 2064 Burgundie,
550 1981 601 2058 qui
617 1982 762 2040 maximus
777 1982 858 2040 inter
872 1997 976 2040 omnes
998 1991 1042 2040 est
1063 1989 1093 2040 et
1112 1998 1180 2039 cum
1202 1997 1263 2057 quo
1284 1979 1386 2040 ledera

352 2084 482 2142 inierant
508 2092 538 2142 et
564 2081 726 2160 potentiam
753 2081 866 2163 pluries
893 2080 1014 2142 luerent
1034 2081 1150 2158 experti
1173 2102 1205 2156 o,
1227 2098 1387 2159 sumopere

352 2192 475 2243 conatus
498 2193 552 2242 est.
574 2182 619 2240 Ad
640 2181 696 2241 bec
717 2190 860 2260 utsupra
881 2181 1104 2260 responderunt
1118 2203 1136 2238 ε(
1152 2199 1183 2240 se
1198 2190 1323 2258 paratos⁴
1333 2201 1389 2261 per

353 2283 451 2344 omnia
466 2282 550 2358 sequi
565 2283 652 2360 legati
668 2292 696 2342 et
711 2282 843 2362 episcopi
858 2283 980 2344 consilia
995 2291 1025 2343 et
1040 2291 1189 2362 precepta,
1213 2283 1266 2342 sed
1288 2283 1386 2362 potius

353 2395 480 2444 mortem
495 2404 585 2462 quam
601 2393 782 2464 perpetuum
797 2403 813 2444 a
831 2385 925 2462 patria
940 2385 1062 2444 exilium
1078 2395 1107 2445 et
1122 2382 1235 2444 domini
1247 2395 1277 2446 et
1288 2386 1387 2445 Eccle-

352 2488 394 2546 sie
409 2484 552 2546 libertatis
567 2485 797 2545 subversionem
816 2485 892 2545 velle
912 2485 981 2563 pati.
999 2507 1017 2542 ³>
1032 2485 1075 2544 ad
1096 2483 1151 2544 hec
1171 2484 1295 2566 legatus,
1318 2505 1389 2566 pre-

353 2595 437 2646 sente
449 2585 587 2664 episcopo
599 2605 606 2645 ε
619 2607 637 2643 «
651 2586 802 2659 Quantum
815 2585 851 2644 ad
863 2585 989 2645 Ecclesic
1001 2584 1166 2646 dominium
1178 2597 1208 2646 et
1218 2585 1387 2648 libertatem

354 2709 372 2744 a
387 2687 506 2760 aetinet,
521 2705 590 2746 cura
607 2687 748 2765 precipua
772 2694 817 2745 est
839 2684 923 2745 Pauli
945 2685 1095 2764 pontificis
1119 2687 1250 2760 maximi,
1274 2706 1336 2748 mea
1358 2699 1388 2748 et

318 2805 319 2810 ¹
354 2809 372 2844 a
387 2787 518 2867 episcopi
539 2787 642 2862 vestri,
663 2787 711 2846 bie
734 2786 888 2864 presentis.
907 2788 1029 2846 Servate
1044 2805 1077 2847 ea
1093 2805 1158 2864 quae
1173 2787 1209 2847 ad
1225 2807 1277 2848 vos
1293 2791 1388 2869 perti-

354 2911 372 2946 »
387 2898 461 2948 nent
476 2898 505 2947 et
520 2889 642 2966 polliciti
658 2889 729 2949 estis
743 2889 774 2947 in
792 2888 893 2948 ledere
905 2887 966 2966 jam
982 2887 1055 2948 inito
1070 2890 1149 2949 inter
1163 2889 1270 2950 ducem
1282 2902 1313 2952 et
1324 2910 1387 2965 vos,

354 2997 417 3048 »ct
439 2988 554 3066 jurium
580 2989 707 3048 Ecclesie
733 2990 889 3049 tuitionem
916 2987 1003 3048 nobis
1027 2989 1145 3051 duobus
1171 2991 1341 3069 relinquite.
1369 3013 1386 3048 »

354 3091 484 3149 Rursum
505 3089 606 3150 babito
628 3091 707 3150 inter
728 3109 760 3149 se
777 3108 911 3150 seorsum
929 3091 1098 3166 conloquio,
1113 3091 1305 3152 conclusere:
1322 3116 1341 3152 c
1356 3112 1388 3154 se

268 3239 270 3242 .
355 3212 373 3247 »
389 3202 507 3270 paratos
522 3209 623 3270 pacem
639 3200 668 3251 ct
683 3189 785 3250 federa
798 3191 847 3250 illa
862 3210 981 3252 servare
993 3203 1138 3268 quantum
1153 3192 1185 3252 iu
1201 3194 1243 3254 eis
1258 3205 1319 3282 est;
1333 3194 1386 3255 sed

356 3309 374 3347 a
389 3291 469 3351 inter
479 3293 533 3350 alia
546 3292 640 3371 ipsius
653 3293 730 3370 pacis
741 3291 869 3371 capitula
985 3291 1029 3373 (5)
1049 3311 1113 3352 esse
1127 3294 1236 3373 populo
1249 3305 1277 3355 et
1291 3297 1387 3374 patrie

357 3412 374 3447 a
391 3391 477 3452 nimis
502 3393 598 3471 gravit
622 3391 666 3472 (l)
690 3403 719 3452 et
744 3391 811 3452 duci
840 3393 940 3452 minus
966 3392 1062 3468 utilia,
1089 3393 1179 3454 veluti
1205 3403 1385 3474 perpetuum

363 3567 566 3576 mna-...1-
570 3567 613 3576 --sn
621 3568 641 3576 ,-

387 3671 421 3730 (1)
439 3670 587 3732 Supprimez
599 3681 627 3720 ee
639 3669 732 3720 second
744 3670 808 3734 ipae.

384 3757 420 3816 ti)
437 3753 733 3820 bisezmoltitudine..
783 3777 785 3782 ·
851 3781 868 3792 -ι
920 3751 922 3756 ’
1282 3803 1285 3809 .

386 3840 430 3902 (ὅ)ι
439 3841 479 3890 Un
491 3852 581 3902 espace
593 3852 624 3890 en
638 3840 711 3890 blanc
722 3841 785 3890 dans
798 3841 821 3890 le
833 3841 979 3892 manuscrit.
993 3839 1030 3892 Cl.
1042 3841 1166 3893 ci·dessus
1178 3853 1254 3904 peges
1267 3843 1295 3892 17
1304 3843 1319 3892 ὲ
1327 3841 1370 3892 20.

387 3926 422 3990 (l)
440 3926 513 3977 Lisez
524 3928 627 3991 provio.
