3088 4926
817 427 832 520 (
857 423 906 498 at
932 427 945 520 l

367 572 449 634 ttutti
470 578 569 630 tamen
593 583 697 626 eorum
722 564 791 624 satis
815 562 1046 642 suspicabantur
1072 581 1109 622 ne
1132 561 1272 641 episcopo
1295 581 1401 641 parce-

280 659 282 664 ’
367 680 443 745 rent,
457 679 581 750 propter
594 665 786 727 adhesionem
801 663 838 725 ad
853 661 1032 743 Burgundos
1047 675 1077 724 ct
1094 665 1232 726 violatam
1247 663 1345 744 pridie
1360 666 1402 726 de

368 793 438 854 pace
452 771 550 832 fidem.
566 769 727 847 Episcopus
741 785 813 828 vero
828 767 897 828 satis
911 768 1008 827 alacer
1026 778 1056 826 et
1074 767 1263 846 intrepidus:
1284 790 1302 826 c
1318 769 1403 842 Scio,

368 898 386 933 n
407 874 518 952 inquit,
539 870 620 949 quod
642 887 689 929 mc
715 887 774 928 nou
798 867 934 928 occident
957 875 1008 928 aut
1029 866 1185 929 offendent
1207 889 1236 928 o.
1259 869 1302 929 Ad
1323 888 1401 947 quos

366 979 489 1057 legatus,
504 991 593 1050 quam
608 969 765 1048 benignius
778 969 883 1048 potuit,
899 971 942 1027 ait
957 987 964 1026 ε
978 989 996 1025 t<
1008 967 1037 1027 Si
1054 968 1254 1029 reverentiam
1264 981 1293 1029 et
1309 969 1403 1032 hono-

369 1102 387 1137 »
407 1096 472 1140 rem
486 1074 524 1136 ad
543 1076 639 1134 Deum
654 1084 684 1132 et
698 1071 888 1149 apostolicam
903 1069 1006 1130 sedem
1030 1071 1205 1131 leodienses
1219 1071 1265 1150 (ut
1280 1073 1403 1152 putatis)

370 1201 387 1238 >a
409 1174 580 1240 omnimodo
591 1155 655 1234 non
675 1171 848 1249 abjecerint,
864 1170 917 1230 sed
940 1172 1183 1232 conservaverint
1198 1180 1228 1231 et
1242 1172 1404 1248 retineant,

372 1301 389 1336 n
411 1277 509 1339 sciatis
524 1274 626 1353 procul
648 1272 740 1333 dubio
755 1290 807 1330 vos
822 1289 927 1332 omues
942 1272 1039 1332 salvos
1054 1283 1084 1332 et
1103 1273 1212 1333 inlesos
1226 1274 1361 1346 futuros3
1377 1277 1404 1335 si

310 1367 313 1373 ’
372 1401 390 1436 n
411 1395 482 1438 vero
497 1393 562 1436 eam
576 1373 748 1434 omnimodo
762 1372 937 1450 abjecerint,
950 1372 1022 1449 quid
1038 1372 1134 1432 dicam
1150 1373 1259 1448 nescio,
1275 1374 1331 1434 nisi
1347 1395 1404 1435 nos

372 1501 389 1536 >a
411 1496 514 1539 omncs
528 1476 585 1538 sub
600 1494 658 1536 una
676 1485 756 1535 sorte
769 1475 946 1534 constitutos
960 1474 1034 1534 iore.
1050 1473 1151 1535 Unum
1162 1475 1222 1534 scio
1233 1483 1264 1534 et
1276 1473 1405 1536 firmiter

372 1603 390 1638 n
411 1580 540 1642 credite:
571 1576 628 1638 nisi
652 1595 699 1636 me
725 1585 884 1636 cruentum
908 1575 1042 1636 videritis
1063 1587 1093 1636 et
1115 1577 1168 1636 luas
1190 1577 1283 1638 lineas
1306 1587 1404 1639 vestes

373 1705 390 1740 n
412 1681 602 1751 rubicundas,
624 1679 724 1740 nullus
745 1689 877 1738 vestrum
899 1677 1032 1738 offensus
1047 1687 1098 1739 aut
1114 1680 1191 1740 lesus
1207 1681 1274 1754 erit,
1297 1700 1352 1740 nec
1366 1682 1406 1741 de

374 1805 392 1840 n
414 1783 509 1846 salute
529 1790 625 1841 vestra
640 1779 723 1840 vobis
746 1779 912 1839 timendum
934 1787 988 1839 est.
1008 1780 1142 1840 »Gratia
1160 1781 1296 1859 ingentes
1314 1781 1404 1841 etiam

373 1904 442 1946 cum
463 1884 592 1944 lacrimis
616 1883 712 1960 legato
736 1881 773 1942 ab
802 1881 941 1941 omnibus
966 1892 1039 1955 acte,
1064 1883 1275 1960 supplicesque
1300 1898 1417 1944 omnes·

374 2003 535 2048 exoravere
555 1985 683 2062 legatum
701 1989 732 2042 ut
750 2000 804 2059 pro
819 1982 953 2058 ipsorum
969 1982 1065 2042 salute
1079 1993 1109 2041 et
1129 1982 1255 2042 aliorum
1271 1983 1405 2062 plurium

375 2087 427 2164 qui
446 2105 501 2164 per
520 2084 644 2162 opidum
665 2084 696 2143 in
719 2083 844 2143 diversis
865 2083 937 2143 locis
959 2082 1128 2158 latitabant,
1155 2085 1186 2144 in
1211 2083 1310 2144 iorum
1337 2103 1407 2163 pro·

373 2185 457 2264 gredi
482 2203 550 2244 cum
575 2182 651 2262 tedis
676 2183 779 2256 vellet,
804 2183 1011 2243 leodiensium
1037 2184 1183 2262 impetum
1209 2194 1239 2243 et
1267 2184 1403 2246 sevitiam

373 2285 452 2346 cedis
466 2301 675 2362 repressurus;
691 2281 728 2341 ad
743 2300 818 2358 quos
833 2283 946 2356 legatus
963 2302 970 2341 ι
989 2304 1006 2339 «
1022 2285 1096 2360 ligo,
1110 2282 1221 2360 inquit,
1236 2283 1356 2362 ydioma
1374 2294 1405 2344 et

373 2387 543 2464 »linguam
567 2385 683 2456 nesci03
706 2382 830 2443 tenebre
854 2383 981 2444 maxime
1004 2392 1075 2442 sum
1098 2394 1127 2444 et
1152 2385 1263 2443 clamor
1284 2384 1406 2464 ingens,

374 2509 391 2544 n
413 2497 447 2548 ut
468 2485 589 2558 videtis3
611 2491 768 2556 tormenta,
790 2481 959 2562 spingardoe
981 2491 1011 2543 ct
1032 2483 1145 2544 balistae
1167 2483 1231 2543 sine
1253 2483 1404 2544 intermis-

373 2610 391 2646 »
413 2588 497 2648 sione
511 2585 651 2646 continue
665 2583 821 2664 crepitant.
837 2584 903 2643 Scio
917 2582 998 2660 quod
1012 2583 1113 2643 nullus
1133 2594 1265 2643 vestrum
1286 2603 1403 2646 meeum

374 2711 393 2746 n
413 2687 514 2767 egredi
536 2693 580 2748 est
600 2704 701 2759 ausus,
717 2694 816 2763 elego
837 2683 1128 2762 idoneointerpetre
1147 2683 1189 2764 (i)
1208 2702 1289 2745 nunc
1307 2703 1405 2759 careo,

375 2809 392 2845 n
414 2807 482 2848 cum
497 2787 585 2848 etiam
601 2787 631 2845 in
647 2795 729 2846 tanto
751 2804 853 2846 rerum
877 2783 999 2844 turbine
1025 2802 1079 2862 per
1103 2784 1300 2862 interpetrem
1321 2785 1402 2862 loqui

375 2913 392 2948 n
414 2891 623 2967 tempestivum
643 2905 712 2948 ‘nou
744 2899 803 2962 est,
833 2886 889 2948 nisi
919 2905 1026 2965 magne
1053 2886 1237 2946 auctoritatis
1269 2885 1403 2964 iuterpes

375 3013 392 3050 n
414 2998 499 3052 esset.
524 2990 552 3049 Si
574 2988 712 3049 dominus
727 2986 895 3049 leodiensis
912 3005 1026 3048 mecum
1048 2987 1152 3048 venire
1170 2986 1244 3062 vult,
1259 2984 1403 3046 vadamus

375 3112 392 3147 n
414 3089 556 3150 audacter
583 3087 641 3167 (2);
671 3088 723 3151 sed
751 3105 816 3147 mea
843 3086 965 3165 quidem
992 3087 1139 3148 sententia
1167 3086 1331 3147 consultius
1358 3095 1405 3146 est

375 3213 393 3248 »
413 3190 509 3248 lucem
524 3188 582 3247 diei
598 3194 764 3264 expectare,
778 3198 808 3246 et
824 3195 895 3247 tunc
905 3187 1003 3247 libens
1015 3205 1100 3267 agam
1111 3186 1192 3263 quod
1204 3186 1313 3265 petitis.
1324 3187 1403 3246 Con·

375 3311 393 3347 n
415 3290 530 3366 tingere
544 3288 623 3346 cuim
637 3287 763 3347 faciliter
778 3294 887 3366 posset,
902 3289 957 3346 etsi
973 3306 1033 3349 non
1049 3307 1085 3348 ex
1101 3287 1263 3364 proposito,
1278 3286 1403 3347 iortuito

375 3410 392 3446 n
415 3398 513 3452 tamen
535 3407 613 3463 casu,
636 3395 670 3448 ut
691 3388 721 3448 iu
744 3387 790 3448 his
811 3387 942 3447 tenebris
957 3389 1015 3447 ictu
1033 3387 1173 3447 tormenti
1188 3387 1235 3445 vel
1254 3386 1360 3446 baliste
1370 3384 1402 3444 in

374 3510 392 3546 n
414 3505 570 3566 personam
581 3485 707 3562 lederer,
718 3486 749 3546 in
760 3505 854 3546 meam
867 3498 897 3546 et
908 3498 1038 3546 vestram
1049 3486 1221 3565 pernitiem:
1235 3503 1293 3562 que
1303 3483 1403 3544 omnia

374 3611 392 3646 n
413 3591 478 3649 luce
492 3589 637 3650 existente
652 3589 765 3648 cautius
781 3587 884 3648 evitari
900 3597 1044 3666 possunt;
1058 3605 1113 3648 nec
1127 3586 1211 3648 vobis
1222 3594 1291 3645 ante
1305 3585 1403 3644 lucem

409 3852 446 3916 (l)
463 3849 513 3901 Cir.
526 3852 583 3914 plus
595 3851 657 3902 haut
669 3863 731 3915 page
744 3851 784 3900 82.

325 3935 327 3940 ’
406 3939 443 4004 (2)
460 3939 534 3990 Lisez
546 3939 679 3989 audacter.
