3088 4926
287 577 288 580 κ
373 535 456 614 equis
477 534 617 594 omnibus
639 535 674 594 ad
697 531 775 593 beati
796 533 896 593 iacobi
920 534 1143 606 monasterium,
1164 535 1193 594 in
1214 555 1275 613 quo
1290 538 1405 616 legatus

374 635 504 697 residere
515 636 618 695 solitus
630 647 703 707 erat,
715 634 840 708 remisit,
851 634 922 693 satis
934 633 971 693 ab
981 635 1139 712 episcopali
1155 637 1263 712 palatio
1279 638 1405 714 distaos3

375 741 430 820 ipsi
446 758 518 800 uero
532 740 645 817 legatus
660 748 691 804 ct
705 738 861 816 episeopus
876 735 992 796 duabus
1007 738 1131 796 cumeris
1143 737 1255 814 junctis
1271 741 1300 798 in
1317 740 1405 802 domo
1429 785 1435 790 -

374 841 505 919 episcopi
520 839 652 899 collocuti
668 847 746 898 suot.
791 885 796 895 .

114 939 257 988 Conveniunt
298 939 361 986 cives
416 942 588 1000 Convenere
615 940 652 997 ud
677 939 807 1016 legatum
829 946 858 995 et
883 936 1056 1014 episcopum
1083 946 1151 996 ante
1180 940 1248 999 solis
1269 929 1412 1000 occasum

142 997 362 1123 {giseloitiitiimsfupgi
375 1041 506 1101 seniores
526 1041 651 1100 civitatis
673 1050 703 1098 ct
725 1037 857 1097 universi
880 1037 931 1114 qui
953 1037 1035 1097 adire
1058 1056 1107 1097 cos
1128 1050 1277 1115 poterant,
1297 1041 1405 1118 gratias

73 1177 77 1180 -
143 1114 325 1209 nousaganon.
375 1144 437 1205 Deo
459 1154 578 1220 agentes
602 1140 683 1218 quod
708 1140 765 1218 ipsi
790 1138 849 1198 duo
874 1138 1038 1199 incolumes
1064 1140 1094 1198 in
1119 1140 1237 1201 civitate
1258 1149 1358 1202 essent
1377 1153 1405 1204 et

375 1259 478 1302 eorum
496 1252 617 1319 possent
630 1238 843 1299 calamitatibus
860 1239 1005 1314 misereri,
1019 1259 1050 1298 se
1066 1241 1154 1299 etiam
1177 1241 1289 1302 babere
1311 1242 1404 1303 domi·

376 1361 430 1402 nos
444 1361 513 1402 suos
528 1360 656 1418 quorum
668 1341 777 1419 juditio
793 1351 820 1400 et
836 1340 1017 1400 ordinationi
1033 1359 1064 1400 se
1078 1342 1258 1402 submictere
1281 1344 1405 1422 professi

375 1455 445 1506 suut
464 1464 556 1524 super
577 1445 805 1521 quibuscunque
826 1442 949 1502 eliensis
970 1444 1142 1522 Burgundio
1161 1445 1229 1503 doci
1252 1464 1308 1522 per
1325 1447 1404 1524 ipsos

376 1545 453 1606 sorte
474 1546 592 1605 inlantis
609 1543 663 1626 (l),
680 1555 894 1619 expectoreque
912 1544 1045 1620 ipsorum
1057 1544 1156 1621 jussu,
1170 1545 1241 1619 quid
1257 1545 1403 1624 agendum

377 1645 518 1724 deinceps
532 1656 696 1706 censerent.
713 1643 827 1718 Quibus
844 1661 897 1720 per
912 1643 1038 1722 legatum
1054 1655 1084 1702 ct
1099 1631 1272 1722 episcopum
1284 1646 1406 1704 conlau-

378 1747 463 1819 datis,
486 1747 608 1807 domum
631 1765 684 1824 pro
707 1766 739 1805 ea
761 1746 809 1804 die
832 1745 945 1803 rearissi
968 1753 1049 1819 sunt,
1069 1745 1099 1804 in
1121 1746 1285 1804 crastinum
1309 1745 1405 1806 redire

322 1910 324 1913 .
372 1847 458 1924 jussi.
483 1850 542 1908 Hee
567 1848 666 1908 omnia
693 1846 804 1906 decima
832 1845 941 1904 mensis
962 1843 1093 1905 octobris
1115 1843 1162 1904 die
1182 1856 1263 1923 gesta
1286 1855 1358 1904 sunt
1378 1859 1406 1906 et

377 1968 430 2026 per
451 1951 608 2027 specialem
631 1948 803 2026 numptibm
825 1967 847 2007 s.
871 1947 897 2005 d.
923 1966 950 2004 n.
973 1945 1082 2024 scripta
1109 1965 1163 2024 per
1188 1947 1332 2024 legatum
1356 1947 1405 2006 sed

377 2051 530 2126 numptius
545 2050 576 2107 in
592 2049 638 2107 via
651 2049 735 2124 juxta
749 2047 948 2124 Luziburgum
960 2046 1000 2126 (ἓ)
1011 2058 1114 2125 captus
1129 2059 1182 2122 est,
1197 2057 1226 2120 et
1241 2049 1405 2126 intercepte

117 2145 239 2250 veniidairi
264 2146 364 2250 lssffiitiff
377 2149 475 2216 littere
491 2158 519 2208 ct
534 2149 569 2207 ad
587 2149 692 2209 ducem
714 2149 812 2206 misse.
827 2149 924 2206 Prima
948 2148 1041 2206 trectis
1063 2149 1171 2226 vigilia,
1188 2167 1241 2226 per
1257 2149 1403 2208 cimelium

145 2217 186 2307 ius
203 2217 365 2308 Minorumgea
379 2249 414 2309 de
427 2251 541 2309 Velrois
557 2259 587 2309 et
602 2250 750 2326 quendam
762 2248 852 2307 alium
868 2268 903 2308 ex
922 2249 1102 2327 primoribus
1115 2250 1223 2308 civium
1239 2249 1348 2308 (luctus
1363 2261 1405 2308 est

145 2319 364 2437 pppppgrppppptum
377 2351 414 2410 ud
429 2352 558 2428 legatum
573 2363 685 2410 secrete
701 2352 730 2408 iu
747 2368 834 2409 suum
847 2349 1017 2409 cubiculum
1034 2350 1188 2426 numptius
1204 2351 1337 2426 quidam,
1355 2366 1406 2425 per

380 2453 551 2513 Lcodienses
566 2453 636 2511 alias
648 2451 684 2510 ad
696 2451 974 2510 christianissimum
989 2453 1171 2510 Francorum
1187 2471 1286 2531 regem
1300 2455 1406 2514 missus

377 2572 412 2613 eo
431 2564 565 2632 tempore
580 2572 639 2630 quo
655 2554 812 2630 episcopus
828 2552 975 2610 civitatem
997 2552 1111 2630 ingredi
1133 2553 1209 2611 vella
1223 2554 1285 2612 suis
1300 2553 1405 2614 litteris

379 2653 530 2733 professus
554 2665 627 2722 erat,
652 2655 824 2728 omniaque
852 2665 932 2728 gesta
953 2663 1038 2712 crant
1057 2653 1099 2711 illi
1114 2652 1324 2730 significantes,
1340 2673 1406 2713 eum
1479 2644 1481 2650 ¹

325 2789 329 2802 ·
378 2755 525 2831 aliquibus
554 2755 698 2830 religiosis
727 2753 763 2812 de
792 2753 896 2812 ordine
931 2754 1080 2813 llliuornm
1106 2774 1120 2811 a
1146 2771 1214 2832 roge
1234 2755 1405 2814 venientes:

378 2855 486 2931 quibus
498 2854 612 2914 civibus
625 2874 678 2932 per
689 2873 756 2913 suas
770 2854 882 2912 litteras
895 2854 1046 2932 rescripsit
1059 2873 1120 2926 rex,
1136 2869 1163 2914 ct
1177 2855 1272 2934 legato
1288 2843 1343 2932 per
1358 2875 1405 2916 eos

378 2955 528 3032 religiosos
544 2955 598 3013 dici
614 2954 766 3013 mandarit
781 2976 799 3010 u
813 2963 848 3012 ut
865 2973 931 3013 mox
947 2973 1013 3013 cum
1030 2955 1185 3034 episcopus
1206 2955 1235 3013 iu
1257 2957 1404 3016 civitatem

378 3067 464 3125 esset,
486 3054 599 3134 legatus
621 3057 680 3112 sois
703 3055 809 3113 litteris
832 3073 930 3132 regem
952 3055 1119 3132 requireret
1136 3067 1167 3114 ut
1189 3055 1321 3134 presidio
1336 3056 1405 3135 ipsis

377 3155 567 3225 assistcrctsi
577 3155 626 3230 qui
636 3165 1017 3233 convexaretemptasse11t3
1029 3157 1158 3234 polliceri
1168 3177 1199 3216 se
1210 3159 1406 3235 personaliter

377 3256 400 3316 si
411 3274 487 3334 opus
499 3267 576 3316 esset
590 3258 626 3317 ad
642 3257 789 3315 civitatem
803 3269 979 3328 venturum;
995 3257 1108 3334 hasque
1124 3260 1208 3338 legati
1225 3260 1339 3319 litteras
1351 3259 1404 3318 sibi

378 3355 441 3416 lore
456 3357 606 3416 asserebat
628 3358 807 3417 necessarias
822 3357 860 3417 ob
881 3358 989 3419 bonam
1006 3368 1036 3418 el
1046 3361 1158 3437 justam
1174 3379 1291 3418 eausam
1306 3382 1336 3420 ιι.
1351 3363 1405 3421 Eos

376 3458 489 3537 legatus
513 3479 528 3516 a
555 3477 585 3517 sc
611 3477 666 3537 pro
695 3459 743 3518 illo
771 3471 857 3519 nocte
873 3460 1038 3520 'dimictens
1066 3479 1159 3537 usque
1183 3462 1214 3519 in
1239 3462 1405 3520 erastinum

376 3553 605 3628 deliberaturus,
620 3559 718 3618 omnia
732 3559 785 3618 hcc
797 3561 936 3639 episcopo
954 3580 1089 3621 seorsum
1102 3561 1338 3634 coumuoieavit3
1354 3562 1404 3638 qui

409 3819 446 3884 (l)
466 3820 643 3870 Lisezt'ulatis.

409 3905 446 3970 (Ξ)
462 3906 647 3970 Luxcmbonrg.
