3126 4906
598 462 748 559 (rao)

160 607 266 666 Exacta
278 613 323 663 est
333 623 366 664 ea
377 602 440 662 dies
451 602 751 675 deambulationibus,
765 602 1058 664 confabulationibus
1070 614 1100 664 et
1113 602 1194 682 eogi-

159 705 323 766 tationibus
334 704 445 778 multis,
455 715 543 781 prout
554 704 618 778 loci,
631 704 773 780 temporis
784 714 815 763 et
825 703 867 762 rei
879 703 1006 780 qualitas
1017 701 1192 783 exigebant:

158 805 347 868 seminabant
367 805 551 864 comilitones
566 805 664 881 Argue
679 803 759 862 iuter
773 787 883 862 multos
898 813 1037 874 astantes,
1050 812 1084 863 ut
1102 802 1192 864 etiam

157 908 194 967 ad
209 907 296 987 legati
314 925 401 964 aures
416 903 620 978 deferrentur,
634 925 651 962 c<
667 905 797 982 legatum
813 921 877 964 esse
891 905 1026 963 omnium
1042 904 1193 965 Romano·

159 1025 227 1066 rum
243 1007 423 1067 ditissimum
438 1024 471 1063 ac
487 1003 621 1075 faciliter,
632 1006 696 1064 sine
707 1003 805 1080 aliqua
819 1022 921 1064 rerum
935 1022 1057 1064 suarum
1066 1005 1193 1082 jactura,

160 1126 246 1187 posse
268 1106 383 1166 solvere
405 1125 460 1185 pro
481 1124 533 1165 sua
555 1104 763 1183 redemptione
782 1103 957 1165 ducatorum
977 1105 1200 1184 quinquaginta

159 1208 257 1282 milia;
272 1206 351 1284 quod
372 1207 396 1265 si
415 1207 456 1265 ita
473 1204 669 1282 judicandum
691 1204 783 1266 luerit
803 1224 856 1284 per
874 1206 1030 1265 consilium
1050 1205 1142 1279 ducis,
1160 1216 1192 1265 ut

157 1306 333 1390 sperabant,
347 1327 379 1368 se
394 1307 522 1367 mediam
539 1319 654 1385 partem
669 1308 866 1366 remissurum
890 1319 919 1366 et
936 1307 1039 1387 viginti
1058 1305 1193 1385 quinque

158 1408 280 1469 milibus
291 1409 355 1468 lore
366 1417 549 1478 contentum,
563 1418 595 1466 ut
607 1418 754 1486 perpetuo
766 1405 862 1466 bonus
874 1407 952 1466 lilius
964 1411 1061 1485 Argue
1072 1409 1137 1486 lego
1149 1405 1194 1487 (l)

154 1508 196 1570 sit
212 1527 427 1587 permansurus
443 1527 477 1579 »3
494 1508 585 1566 multa
601 1508 707 1567 similia
723 1523 777 1584 per
789 1506 924 1566 diversos
944 1525 979 1566 eo
998 1508 1045 1568 die
1065 1516 1095 1566 et
1111 1507 1191 1588 apud

157 1610 268 1670 multos
280 1608 479 1687 jactabantur,
495 1609 574 1668 nulla
591 1620 688 1669 tamen
706 1627 838 1684 unquam
853 1609 908 1668 alia
924 1610 1103 1670 contumelia
1121 1628 1191 1687 per-

155 1731 229 1772 sone
250 1712 337 1790 legati
359 1710 479 1770 exibita.
501 1711 590 1770 Venit
612 1711 736 1788 insuper
762 1710 812 1768 illo
837 1710 884 1769 dic
907 1710 1019 1787 pluries
1045 1729 1059 1769 a
1086 1712 1191 1771 eastris

86 1840 88 1846 ·
159 1813 322 1872 marescalli
338 1811 401 1889 (ubi
416 1812 504 1872 etiam
520 1811 677 1890 episcopus
692 1808 767 1889 erat)
779 1810 803 1869 is
814 1828 903 1886 quem
916 1829 1005 1888 supra
1017 1829 1191 1872 conmemo-

159 1915 293 1974 ravimus
315 1913 526 1985 Montarchicr,
546 1912 677 1991 episcopi
699 1911 852 1970 familiaris
873 1921 903 1971 et
923 1911 992 1971 duci
1013 1919 1117 1984 nutus,
1138 1911 1191 1990 qui

159 2015 250 2075 etiam
266 2024 389 2074 venerat
408 2013 550 2092 preterita
564 2022 651 2072 noete
666 2010 703 2070 ad
718 2010 818 2071 villam
833 2010 903 2070 Elch
918 2020 947 2070 et
961 2011 1101 2090 episcopo
1115 2013 1191 2072 clam

160 2115 259 2175 luerat
273 2115 431 2190 loquutus;
446 2113 494 2172 hie
508 2130 575 2172 cum
592 2115 689 2190 Argue
704 2121 733 2170 et
748 2110 809 2170 suis
823 2110 1043 2172 comilitonibus
1055 2129 1191 2172 seorsum

161 2217 271 2276 multos
292 2233 447 2275 sermones
465 2214 655 2285 conserebat,
675 2214 785 2273 radens
805 2225 834 2272 et
853 2213 993 2273 rediens:
1013 2233 1104 2292 quem
1124 2233 1193 2276 cum

161 2319 274 2396 legatus
289 2335 324 2376 ex
341 2315 478 2376 fenestris
496 2315 698 2392 conspexisset
713 2325 742 2374 ct
757 2323 916 2386 evocasset,
931 2314 967 2374 ad
983 2333 1015 2374 se
1030 2324 1193 2376 venturum

160 2437 191 2477 se
205 2417 367 2496 spopondit
383 2417 557 2495 priusquam
574 2415 754 2484 diseederet;
772 2414 851 2492 quod
868 2423 965 2475 tamen
978 2415 1102 2476 minime
1113 2414 1193 2490 lecit,

159 2537 304 2579 excusans
329 2536 361 2577 se
383 2516 573 2596 postmodum
593 2514 630 2573 ad
650 2516 765 2593 aliquos
779 2514 842 2575 dics
856 2516 936 2592 apud
956 2515 1086 2595 legatum
1108 2535 1141 2578 se
1152 2515 1193 2596 (ἢ)

161 2637 221 2678 non
236 2617 330 2677 luisse
346 2616 525 2696 permissum
539 2614 577 2674 ad
592 2633 660 2674 enm
676 2614 826 2689 accedere,
841 2614 898 2673 illis
911 2613 1151 2692 prohibentibus.

201 2721 307 2778 Exacta
319 2717 381 2794 jam
396 2716 443 2776 die
458 2726 488 2776 et
499 2715 583 2794 juxta
599 2715 669 2775 solis
683 2733 818 2775 occasum
834 2715 982 2776 advenere
1003 2714 1063 2775 duo
1085 2715 1193 2778 milites

160 2839 176 2878 a
191 2818 365 2879 marescallo
376 2816 412 2876 ad
425 2818 554 2896 legatum
567 2817 647 2876 missi
659 2836 695 2876 cx
707 2815 771 2894 ejus
782 2815 897 2888 eastris,
910 2835 1014 2896 magna
1029 2835 1098 2876 eum
1111 2835 1195 2878 reve·

161 2921 257 2979 rentia
274 2918 457 2998 postulantes
472 2939 490 2976 κ
507 2928 540 2978 ut
553 2918 668 2996 legatus
689 2917 726 2977 ad
747 2918 845 2977 locum
870 2918 899 2977 in
921 2935 981 2993 quo
1003 2917 1193 2978 marescallus

150 3035 230 3080 'cum
240 3021 378 3101 episcopo
388 3031 417 3080 ct
427 3020 549 3080 consilio
559 3020 643 3079 ducis
653 3031 739 3080 ernist
750 3005 809 3079 non
821 3018 1035 3098 dedignaretur
1045 3017 1193 3095 accedere,

161 3131 337 3182 excusantes
352 3123 477 3200 insuper
488 3121 692 3180 marescallum
706 3129 735 3180 et
747 3120 818 3180 alios
830 3120 1012 3180 consiliarios
1024 3138 1078 3180 cor
1090 3137 1194 3197 persc-

163 3222 271 3281 naliter
281 3220 319 3280 ad
329 3222 429 3300 ipsum
441 3238 501 3280 non
513 3220 719 3280 accessissent:
732 3219 844 3280 habere
855 3219 934 3279 enim
946 3238 978 3279 sc
989 3238 1090 3279 curam
1103 3219 1195 3281 totius

162 3323 310 3382 exereitus
330 3339 418 3398 quem
440 3321 593 3380 dimictere
614 3338 674 3378 non
698 3331 806 3398 posset,
827 3319 955 3379 maxime
973 3337 1040 3379 cum
1056 3320 1195 3395 sequenti

163 3424 209 3483 die
224 3422 373 3482 civitatem
392 3439 564 3500 expugnare
578 3420 795 3505 decreuissent3
808 3419 860 3479 sed
876 3428 1035 3496 antequam
1054 3417 1084 3478 id
1096 3430 1195 3499 agant,

163 3542 273 3603 cupere
283 3541 315 3582 se
326 3541 395 3582 eum
407 3523 513 3600 legato,
525 3522 664 3600 episcopo
676 3531 705 3581 et
719 3519 832 3580 civibus
843 3519 992 3598 deputatis
1004 3519 1115 3580 babere
1126 3539 1196 3582 con·

162 3625 297 3702 loquium
307 3635 337 3683 et
352 3623 518 3701 intelligere
532 3620 676 3698 quidnam
692 3639 727 3680 ex
745 3631 828 3699 parte
843 3620 969 3680 civitatis
984 3618 1111 3680 afferant
1124 3621 1194 3681 nori

197 3859 238 3950 (ll
251 3888 302 3938 blot
314 3888 438 3946 douteux3
451 3886 513 3938 lisez
525 3887 632 3950 lequto?

197 3973 233 4039 til
251 3974 324 4054 Lisez
337 3974 394 4024 sibi.
