3126 4906
807 433 961 530 (rto)

379 576 416 635 de
430 572 573 634 Sabaudia
587 572 629 652 (ι)
644 583 673 632 ει
687 571 786 652 plnres
801 571 867 643 alii;
886 573 1010 652 legatus,
1024 575 1131 635 adnoto
1145 562 1196 656 (ἓ)
1205 575 1260 635 sibi
1275 594 1363 653 equo,
1378 585 1410 636 et

380 694 430 736 sex
451 675 498 736 vel
518 683 585 735 'octo
606 674 670 734 aliis
689 692 725 734 ex
747 675 808 734 suis
830 673 1025 736 familiaribus
1048 695 1114 736 cum
1136 673 1183 736 his
1202 695 1312 755 equum
1335 695 1409 738 con-

379 776 504 850 scendit,
515 777 699 852 salutatoque
711 777 808 854 Argue
819 786 847 836 et
860 768 927 836 data
938 774 1066 836 vicissim
1078 775 1193 850 dextra,
1206 795 1265 837 non
1279 788 1338 838 tam
1350 779 1408 838 leta

378 878 515 939 salutatio
533 875 648 937 reddita
667 886 712 936 est
734 877 853 955 qualem
868 876 991 937 decebat
1003 885 1032 938 et
1042 879 1115 938 alias
1129 877 1229 938 fuerat
1243 879 1328 938 solita
1338 897 1408 940 eum

380 979 504 1059 Brugqis
518 978 607 1039 simul
621 977 797 1040 familiarem
812 977 1059 1037 consuetudinem
1077 978 1251 1039 habuissent
1266 990 1407 1057 tanquam

380 1099 448 1140 rum
464 1087 587 1158 cognato
598 1079 738 1157 episcopi.
750 1078 808 1156 lpsi
822 1077 912 1155 igitur
924 1088 983 1137 tres
996 1079 1084 1137 simul
1097 1079 1291 1157 procedentes
1304 1097 1409 1139 versus

380 1180 469 1240 duces
491 1180 566 1252 illos,
588 1187 736 1237 venerunt
758 1177 789 1236 in
811 1178 934 1256 campis,
956 1177 1019 1237 aliis
1038 1177 1125 1256 legati
1148 1179 1342 1239 familiaribus
1356 1181 1409 1256 qui

379 1283 515 1342 nondum
535 1298 627 1357 equos
645 1279 796 1340 habebant
814 1280 899 1357 sequi
906 1279 1009 1358 jussis3
1026 1299 1192 1360 apparuere
1206 1300 1221 1340 a
1235 1281 1333 1362 longe,
1344 1280 1409 1342 fere

378 1381 417 1441 ad
431 1381 511 1440 mille
526 1399 640 1459 passus,
651 1379 741 1439 ducos
756 1380 993 1459 supranominati
1004 1379 1130 1456 quilibet
1141 1398 1209 1441 eum
1220 1401 1273 1441 sua
1285 1381 1409 1442 eoborte

378 1499 440 1541 non
459 1499 550 1559 parva
572 1480 704 1539 veniens.
726 1481 942 1540 Remanserant
957 1479 1047 1557 aliqui
1062 1479 1222 1540 familiares
1236 1481 1323 1559 legati
1338 1499 1406 1541 cnm

378 1582 443 1661 ejus
456 1600 584 1660 agasone
595 1582 626 1641 in
639 1581 702 1640 loco
717 1581 797 1641 unde
812 1580 1018 1656 discesserant,
1031 1599 1141 1658 paneas
1156 1599 1258 1640 eorum
1271 1582 1407 1641 sarcinu-

378 1683 422 1744 las
433 1684 635 1763 disponentes,
647 1683 698 1760 qui
712 1693 777 1762 post
787 1683 917 1762 legatum
928 1681 1144 1760 sequebantur;
1157 1681 1276 1760 adquos
1287 1683 1408 1743 venien·

379 1791 424 1844 tes
441 1784 560 1861 quidam
583 1783 690 1843 armati
711 1783 826 1862 equites
847 1801 882 1844 ex
902 1782 1020 1860 agmine
1042 1784 1149 1860 Argue,
1171 1801 1298 1861 agasone
1318 1783 1407 1862 legati

378 1884 414 1945 in
425 1893 546 1965 peotore
568 1884 667 1944 lancea
688 1903 840 1964 percusso,
855 1883 969 1945 ferend
984 1895 1110 1944 mortem
1126 1894 1155 1944 et
1170 1902 1205 1944 er
1220 1886 1300 1944 mulo
1315 1903 1404 1963 quem

377 1984 534 2045 insedebat
547 1985 578 2043 in
595 1994 704 2044 terram
720 1983 844 2061 dejecto,
858 1983 957 2063 ipsum
972 2001 1042 2044 eum
1056 1983 1212 2044 sarcinulis
1225 1993 1255 2043 et
1265 1985 1407 2046 omnibus

376 2085 465 2164 legati
481 2084 676 2146 familiaribus
690 2085 821 2162 captivos
839 2084 1024 2145 reduxerunt
1038 2085 1075 2144 ad
1089 2085 1186 2145 locum
1198 2085 1279 2145 unde
1293 2085 1405 2147 disces-

377 2198 479 2247 serant
486 2204 495 2261 ;
505 2205 634 2265 eumque
646 2186 683 2246 ad
693 2187 824 2266 legatum
836 2187 1013 2247 accurrisset
1023 2187 1143 2264 quidam
1155 2186 1210 2246 heo
1222 2189 1406 2268 numptians,

377 2307 482 2350 versus
497 2287 534 2346 ad
546 2287 719 2366 episcopum
728 2287 841 2366 legatus
851 2290 892 2348 ait
903 2306 935 2347 :o
946 2285 971 2348 N
974 2290 1087 2366 unquid
1099 2289 1180 2368 apud
1190 2288 1290 2348 hostes
1301 2307 1407 2350 sumus

378 2411 396 2447 r>
418 2401 447 2450 ει
465 2388 569 2449 affines
591 2389 635 2450 tui
655 2389 741 2450 nobis
758 2387 859 2450 hostes
875 2388 966 2449 sunt?
980 2389 1057 2449 dudi
1081 2390 1152 2466 quid
1172 2389 1219 2450 lrie
1244 2389 1362 2451 referat
1386 2413 1405 2448 »

377 2492 462 2551 Tune
476 2491 633 2570 episeopus
649 2489 687 2550 ad
701 2490 849 2568 legatum:
866 2512 884 2549 u
901 2491 983 2565 Εεεε,
998 2490 1103 2572 inquit,
1119 2502 1214 2570 pater,
1228 2509 1347 2552 neeesse
1360 2503 1407 2552 est

377 2613 395 2648 >r
418 2602 451 2652 ut
471 2599 500 2652 ιε
519 2592 671 2670 captivum
689 2609 759 2652 eum
778 2590 919 2652 omnibus
934 2593 993 2653 tuis
1007 2591 1065 2652 sub
1078 2591 1138 2651 fide
1152 2592 1242 2653 dedas
1257 2592 1339 2668 huie,
1353 2594 1407 2670 qui

378 2713 396 2749 rr
418 2701 560 2771 cognatus
575 2711 610 2752 ex
627 2711 730 2753 sorore
747 2691 820 2752 mibi
842 2703 901 2768 est;
917 2703 947 2753 et
960 2692 1041 2773 apud
1058 2712 1127 2753 eum
1142 2711 1266 2754 securus
1281 2703 1310 2754 et
1324 2711 1406 2754 eom·

378 2815 396 2852 >r
418 2794 536 2854 modius
551 2793 687 2854 manebis
703 2811 792 2871 quam
810 2795 901 2856 alium
913 2794 1095 2874 quempiam,
1109 2805 1138 2855 ει
1153 2796 1295 2874 precipue
1308 2813 1408 2856 mare-

378 2915 395 2952 »
417 2893 539 2954 seallum
564 2905 591 2954 et
615 2895 726 2955 multos
748 2895 821 2956 alios
843 2894 894 2971 qui
921 2896 952 2955 in
978 2904 1104 2956 mortem
1129 2905 1210 2955 tuam
1233 2906 1262 2956 et
1284 2906 1405 2958 tuorum

379 3015 397 3052 r>
419 2994 602 3072 conspirant,
619 3005 761 3071 tanquam
776 2995 807 3055 in
823 2995 1030 3057 leodiensium
1044 2996 1176 3057 fautores
1191 3017 1219 3056 a.
1228 2997 1253 3056 T
1256 3013 1314 3056 uno
1329 3015 1407 3076 pau-

377 3093 473 3153 lulum
494 3093 658 3154 subridens
676 3094 790 3172 legatus
804 3095 841 3155 ad
856 3095 1028 3176 episcopum
1042 3096 1160 3174 inquit:
1177 3119 1195 3155 u
1210 3095 1285 3157 Satis
1299 3095 1406 3157 dubito

377 3215 395 3252 a>
418 3213 456 3254 an
478 3212 549 3254 sane
567 3195 676 3255 mentis
697 3195 737 3256 sis
757 3197 807 3273 qui
822 3215 940 3257 meeum
955 3197 992 3259 de
1006 3199 1183 3277 captivitatis
1196 3198 1256 3260 tide
1276 3198 1403 3260 verbum

376 3315 394 3351 >r
417 3294 521 3369 faoias3
537 3295 661 3356 actende
675 3296 746 3373 quid
763 3297 841 3357 dieas
856 3309 908 3359 aut
922 3299 1040 3378 cogites,
1054 3307 1084 3359 et
1098 3299 1165 3358 vide
1181 3310 1214 3360 ut
1227 3310 1307 3360 reate
1324 3317 1403 3378 agas.

375 3415 393 3452 >r
416 3397 515 3455 lleene
528 3407 573 3456 est
587 3394 661 3456 fides
673 3405 702 3457 et
714 3397 875 3458 auotoritas
892 3408 941 3459 tua
958 3416 1045 3475 quam
1058 3417 1124 3458 anm
1141 3399 1169 3458 in
1186 3399 1302 3460 civitate
1313 3400 1404 3459 simul

376 3516 394 3553 >r
416 3514 549 3558 essemus
563 3496 730 3576 spondebas
750 3510 780 3558 et
794 3498 941 3577 pollicitus
957 3498 1008 3559 esi
1022 3499 1085 3560 Non
1101 3509 1146 3559 est
1159 3499 1348 3578 impotestate
1358 3501 1401 3580 (5)

405 3779 444 3844 (1)
458 3781 518 3844 vor.
529 3781 667 3843 cidessus,
679 3796 742 3846 page
757 3783 809 3833 108.

405 3866 443 3931 (ι)
459 3866 531 3917 Lisez
541 3869 659 3919 adducto.

406 3953 442 4016 (5)
459 3953 509 4017 Sic,
521 3966 585 4018 pour
597 3955 625 4005 iu
636 3959 768 4019 potestate.
