3088 4926
583 437 712 534 (95)

134 601 151 638 a
174 577 340 639 timendum
354 585 410 651 est,
422 595 491 636 eum
506 595 561 656 per
571 577 775 656 exploratores
790 578 1024 639 intellexerimus
1040 579 1119 658 ipsos
1134 581 1165 641 in

133 703 151 740 a
173 681 240 742 loro
267 679 463 760 proclamasse
485 689 518 738 ut
539 677 640 738 nullus
661 689 731 738 ante
752 679 830 739 diem
853 679 919 740 loro
942 679 1108 742 discederet
1127 698 1166 741 nc

134 804 152 840 o
175 784 285 861 passim
298 782 443 860 pervices
454 779 707 858 disgregarentun
723 780 775 840 sed
789 780 968 843 adveniente
982 783 1049 842 luce
1062 799 1167 842 omnes

134 905 151 942 >a
174 901 206 944 se
218 881 412 942 effunderent
423 880 452 939 in
466 878 697 958 Burgundorum
713 897 835 940 necem:
850 881 879 940 id
892 883 973 944 enim
987 883 1073 943 nobis
1085 891 1167 943 retu-

25 1049 27 1054 ,
134 1005 152 1042 a
174 983 272 1043 lerant
290 982 411 1060 quidam
432 982 483 1059 qui
507 1000 542 1040 ex
565 981 712 1059 superiori
740 992 824 1061 parte
846 982 955 1043 domus
975 991 1006 1043 et
1030 1002 1065 1044 ex
1091 986 1168 1045 turri

135 1106 153 1142 »
175 1083 297 1144 ecclesie
319 1085 398 1162 ipsos
416 1083 612 1162 proclamasse
633 1082 818 1143 audiverant.
833 1105 850 1140 a
864 1085 1044 1162 Aequievere
1064 1103 1167 1145 omnes

134 1187 223 1267 legati
232 1185 341 1264 juditio
355 1195 385 1244 et
396 1185 507 1244 saniori
519 1184 682 1256 sententie3
696 1185 845 1264 supplices
857 1195 958 1246 tamen
972 1205 1076 1247 omnes
1087 1187 1168 1266 geni·

137 1289 192 1348 bus
206 1297 276 1347 ante
289 1286 422 1365 legatum
437 1284 517 1360 flexi,
532 1295 685 1364 gementes
700 1295 731 1346 et
743 1286 862 1362 flentes,
878 1298 1065 1366 peccatorum
1080 1288 1168 1348 abso·
1216 1315 1218 1318 ·

136 1387 281 1448 lationem
303 1386 333 1447 in
357 1397 439 1448 tanto
454 1387 513 1446 vite
528 1387 700 1447 discrimine
714 1389 885 1464 constituti,
906 1396 1052 1466 quantum
1067 1407 1120 1448 sua
1137 1407 1168 1448 se

136 1498 266 1568 potestas
280 1489 470 1564 extenderet,
484 1487 641 1548 humiliter
655 1489 785 1566 petiere;
801 1489 911 1566 quibus
929 1490 1053 1568 lagatus,
1072 1489 1167 1550 torma

137 1590 332 1653 confessionis
346 1588 465 1664 indicta,
480 1589 697 1652 absolutionem
713 1608 801 1667 quam
819 1599 935 1670 poterat
950 1591 998 1669 pie
1012 1590 1169 1669 impendit,

137 1691 324 1753 orationibus
338 1691 374 1750 ad
393 1702 510 1769 tempus
531 1691 687 1769 impositis,
705 1691 763 1751 diei
779 1702 879 1752 ortum
901 1692 987 1751 avide
1001 1692 1170 1770 prestolan-

138 1792 380 1854 tibusomnibus.

178 1896 370 1956 illucescente
381 1894 503 1955 demum
514 1893 573 1954 diei
584 1893 952 1971 crepusculo‚Leodienses
961 1892 1169 1972 peroppidum
1183 1898 1299 1958 incipiunt
1318 1896 1431 1944 Leodien-

138 1995 197 2072 jam
213 2013 245 2056 se
259 1993 416 2054 effundere
438 2002 589 2072 ceperant,
605 1993 799 2072 effringentes
814 2013 921 2074 magno
936 1994 1048 2071 impetn
1065 1993 1170 2053 domo·
1211 1953 1431 2079 {ffgpfffflngffl}

140 2115 208 2157 rum
236 2107 351 2175 portam
364 2096 486 2174 jamque
507 2095 544 2154 ad
566 2095 854 2174 episcopi'domum,
874 2094 971 2174 legato
990 2095 1171 2172 contiguam,
1213 2075 1307 2180 Ιξχξῖἳξῗ
1326 2082 1351 2117 ⁸⁶
1373 2080 1431 2128 Ῥω

139 2195 1172 2276 deventumerat,magnisviribuspostesconcutientes.Tnnelegatus,

143 2316 202 2358 uno
217 2297 329 2358 famulo
350 2309 380 2357 et
401 2315 462 2356 uno
477 2296 654 2374 interpetre,
668 2298 783 2357 loanne
798 2297 914 2369 Altlast,
929 2314 983 2356 suo
997 2296 1170 2374 cappellano

141 2400 407 2479 supranominato,
426 2417 526 2460 seeum
543 2399 680 2479 sumptis,
696 2399 813 2460 edoma
828 2400 858 2459 in
874 2399 973 2459 vicum
989 2397 1071 2459 exire
1093 2405 1171 2457 tem-

138 2513 236 2581 ptans,
248 2510 360 2562 tantem
381 2501 489 2560 molem
505 2501 654 2579 lignorum
669 2513 699 2560 et
712 2500 846 2579 lapidum
862 2498 955 2578 portis
971 2515 1118 2558 annexam
1133 2497 1171 2558 ab

143 2603 189 2663 bis
204 2601 255 2679 qui
270 2619 338 2661 cum
353 2599 492 2680 episcopo
504 2612 648 2661 venerant
662 2601 800 2680 repperit
813 2603 837 2677 ll
848 2600 867 2680 l,
882 2609 916 2658 ut
931 2601 978 2657 vix
995 2598 1068 2658 bore
1082 2598 1174 2658 unius

143 2701 239 2781 spatio
266 2701 352 2785 avelli
379 2701 556 2780 potuissent.
584 2702 683 2774 Quare
711 2702 839 2781 legatus,
863 2717 976 2760 moram
1001 2698 1174 2758 ulteriorem

144 2801 257 2864 veritus
279 2811 403 2881 propter
423 2800 539 2862 instans
559 2803 736 2881 perieulum,
758 2802 894 2880 injuncto
912 2799 1062 2877 aliquibus
1082 2815 1175 2878 opere

12 2895 13 2902 '
71 2967 74 2971 ,
144 2911 179 2963 ut
192 2903 286 2962 moles
301 2921 317 2962 a
334 2902 429 2981 portis
444 2903 617 2973 avellerent,
636 2921 756 2964 ascensa
773 2921 863 2981 parva
878 2902 964 2976 scala,
980 2919 1034 2980 per
1052 2917 1176 2979 parvam

145 3003 307 3064 fenestram
332 3021 423 3083 supra
453 3012 571 3082 portam
601 3004 725 3084 positam
751 3022 784 3064 se
812 3002 1025 3064 Leodiensibns
1053 3000 1181 3091 exibuit,

145 3105 278 3185 deposita
295 3113 376 3166 veste
393 3122 482 3182 quam
503 3103 542 3164 ob
561 3104 655 3184 frigus
674 3122 763 3186 snpra
779 3105 871 3165 lineas
887 3112 984 3163 vestes
1000 3102 1130 3174 tenebat,
1146 3112 1182 3160 ut

146 3206 293 3266 linearum
315 3204 443 3266 vestium
463 3205 602 3266 albedine
622 3205 716 3285 magis
738 3203 950 3265 Leodiensibns
965 3205 1181 3274 innotescerem

147 3307 283 3368 nondum
303 3307 382 3368 clara
397 3307 544 3369 existente
558 3307 640 3379 luce,
660 3307 759 3386 prima
777 3317 897 3385 aspectu
913 3315 1111 3366 occurrerunt
1128 3302 1183 3370 ,ali-

148 3426 206 3487 qua
225 3419 413 3469 mortuorum
436 3408 578 3469 cadavera
595 3417 664 3468 ante
685 3419 802 3488 portam
825 3409 911 3486 legati
933 3415 963 3466 et
987 3406 1113 3484 sparsim
1130 3422 1184 3484 per

148 3509 249 3586 ipsum
272 3509 370 3569 vicum
389 3509 541 3569 sevissime
563 3508 721 3584 conscissa,
739 3509 805 3569 visu
821 3507 989 3579 horribilia,
1004 3514 1034 3566 et
1047 3522 1185 3584 superea

150 3608 272 3686 qnidam
299 3609 400 3670 miseri
425 3609 562 3670 homines
588 3611 702 3688 pedites
728 3627 833 3672 eorum
858 3609 951 3688 spolia
973 3615 1060 3668 etex
1086 3605 1185 3666 bursis

187 3948 224 4011 (1)
243 3948 315 3999 Lisez
326 3950 432 4012 reperit.

238 4039 303 4096 xiia
326 4053 474 4096 ornemus.
