3102 4914
130 1219 241 1270 Narratio.

851 461 955 560 (4)

391 608 580 667 Sanctitatem
609 616 687 665 tuam
710 603 855 682 replicare
878 608 1096 681 supervacuum
1123 602 1269 678 videatur,
1294 613 1418 687 proptei

391 727 440 768 eos
455 714 554 769 tamen
575 705 682 783 quibus
704 705 747 764 rei
770 701 997 763 fundamentum
1019 714 1050 762 et
1070 703 1187 762 initium
1209 704 1342 784 ignotum
1363 720 1419 784 est,

391 807 561 869 summatim
586 827 600 866 a
627 805 773 885 principio
798 805 894 882 aliqua
916 803 1046 864 breviter
1075 805 1277 886 perstringere
1301 826 1418 870 summo

389 907 508 969 videtur
522 907 725 968 necessarium
738 924 811 978 esse,
826 917 856 966 et
869 905 907 965 ad
922 905 1077 966 universos
1093 907 1224 986 legentes
1246 926 1415 970 sermonem

389 1011 517 1091 dirigere
537 1019 570 1070 ut
583 1029 619 1070 ex
635 1009 821 1070 notariorum
843 1009 915 1068 actis
930 1007 1084 1068 collectum
1104 1020 1149 1069 est
1167 1009 1271 1070 dietim
1286 1011 1414 1090 seriptis.

430 1209 607 1284 Assumptus
621 1204 717 1266 estad
731 1205 864 1284 regimen
888 1205 1055 1269 Leodiensis
1070 1205 1201 1278 ecclesie,
1218 1225 1272 1285 per
1283 1207 1415 1285 resigna·-
1457 1202 1460 1208 ’

390 1309 498 1368 tionem
514 1306 635 1366 ioannis
651 1304 843 1384 Heyusbergb
858 1316 930 1365 tunc
945 1305 1085 1380 vacantis,
1101 1323 1155 1384 per
1169 1305 1263 1366 felicis
1278 1307 1416 1367 recorda·

389 1388 478 1467 tionis
492 1406 633 1467 Caiisturn
643 1405 705 1483 iijffi‚
718 1405 888 1484 pontificem
902 1405 1074 1481 maximum,
1087 1407 1272 1467 reverendus
1287 1419 1373 1485 pater
1387 1421 1416 1470 et

388 1508 510 1572 illustris
525 1526 634 1586 genere
649 1507 811 1566 Lodovieus
826 1506 862 1566 de
877 1506 1026 1566 borbonio
1042 1507 1095 1583 (1),
1110 1515 1188 1568 etate
1203 1517 1275 1567 tune
1286 1509 1415 1587 juvenis,

387 1611 589 1672 licet-morum
612 1608 765 1668 nobilitate
788 1608 939 1686 preditus;
959 1607 1010 1684 qui
1034 1608 1064 1666 in
1084 1609 1129 1666 sui
1144 1609 1330 1687 episcopatus
1352 1611 1414 1690 pri-

388 1711 512 1784 mordio,
538 1730 604 1769 eunt
634 1709 729 1784 nimis,
755 1721 788 1769 ut
817 1709 992 1770 Leodienses
1024 1720 1170 1784 asserunt,
1199 1711 1358 1788 imperiose
1386 1724 1415 1772 et

387 1825 488 1894 preter
522 1813 649 1873 aliorum
687 1824 854 1891 temporum
884 1821 913 1870 et
948 1811 1124 1892 pontificum
1157 1812 1417 1886 consuetudinem,

386 1914 513 1994 populis,
529 1913 640 1974 civitati
655 1921 685 1974 ei
699 1913 816 1992 oppidis
833 1911 1111 1990 patrie'Lcodiensis
1126 1913 1211 1972 antici
1223 1911 1265 1993 (1)
1279 1924 1307 1973 et
1322 1914 1415 1976 adbe-
1431 1924 1433 1928 ’

385 2027 485 2076 rantes
504 2015 559 2081 sibi
579 2033 697 2092 preesse
719 2013 968 2094 concupiscerent
988 2012 1040 2091 (ὅ),
1062 2022 1163 2072 exorta
1185 2023 1228 2073 est
1248 2013 1369 2094 grandis
1385 2027 1413 2076 et

383 2125 506 2176 eruenta
521 2113 666 2174 dissensio
685 2114 879 2192 interipsum
901 2113 1081 2190 episcopum
1095 2132 1130 2172 ex
1147 2132 1216 2185 uns,
1234 2122 1262 2173 et
1282 2116 1413 2176 seniores

383 2217 509 2277 civitatis
530 2227 558 2276 et
573 2215 862 2294 oppidorum-patrie
877 2214 1056 2290 beodiensis,
1071 2235 1146 2293 quos
1164 2215 1412 2296 burgirnagistros

385 2317 429 2376 uel
441 2316 578 2377 consules
589 2315 749 2394 appellant,
764 2333 799 2374 ex
814 2315 916 2387 altera,
931 2333 1022 2392 super
1033 2315 1121 2394 gladii
1138 2325 1283 2394 potestate
1298 2327 1329 2378 et
1347 2320 1411 2383 ani-

383 2421 589 2483 madversione
614 2420 644 2479 in
670 2419 850 2479 facinorosos
868 2417 1003 2483 homines
1026 2419 1131 2496 :quod
1154 2439 1269 2480 morum
1291 2431 1321 2481 et
1339 2422 1411 2482 mix·

383 2535 446 2582 tum
459 2523 618 2601 imperium
630 2521 708 2599 leges
720 2519 936 2600 nominant(d);
947 2520 1118 2580 consulibus
1128 2539 1179 2580 seu
1190 2522 1410 2601 magistratibus

383 2621 611 2700 municipalibus
636 2620 783 2682 obstinate
803 2619 1054 2681 contendentibus
1076 2639 1136 2680 non
1157 2621 1193 2680 sd
1215 2621 1312 2683 solum
1331 2625 1410 2700 epis·.
1443 2635 1447 2642 ’

381 2742 498 2802 111111,
513 2723 564 2782 sod
580 2723 667 2782 etiam
683 2721 781 2783 adeas
803 2722 880 2782 hanc
889 2721 1111 2800 jurisditionem
1126 2721 1170 2802 (5)
1182 2742 1233 2783 seu
1250 2724 1409 2803 imperium

381 2825 548 2904 pertinere3
569 2823 731 2884 obicientes
751 2824 840 2886 etiam
864 2825 1002 2902 episeopo
1026 2824 1117 2900 quod,
1138 2843 1205 2884 curn
1225 2823 1327 2885 decem
1347 2825 1410 2886 iere

414 3110 449 3173 (1)
466 3110 528 3180 teau
541 3109 572 3158 de
583 3100 723 3172 Heiusberg
732 3107 833 3172 resigna
844 3105 956 3157 revecta
969 3105 1033 3158 1111
1046 3109 1183 3158 novembre
1196 3108 1410 3169 reassumere

381 3196 498 3246 debonis
510 3195 731 3257 deeouruonaut
745 3194 807 3244 etait
818 3193 865 3264 ige'
882 3193 913 3244 de
928 3195 958 3244 18
970 3181 1024 3245 ansss
1037 3196 1133 3246 calixte
1146 3195 1181 3245 ΙΙΙ
1194 3203 1268 3259 ayant
1280 3198 1409 3260 approure

380 3296 409 3335 ce
420 3283 494 3334 choix
504 3282 527 3332 ie
538 3277 559 3331 o'
567 3285 633 3330 mars
644 3281 714 3345 ttae,
726 3280 748 3329 11
758 3279 827 3331 buiie
839 3280 872 3330 de
881 3279 1053 3332 confirmation
1066 3283 1149 3332 arrivs
1162 3283 1176 3332 1
1186 3282 1262 3344 ttege
1272 3283 1294 3334 ie
1308 3283 1409 3335 101111.

380 3373 415 3422 Le
423 3370 512 3421 nouae}
523 3367 619 3430 aveque
627 3369 655 3418 iit
663 3381 707 3418 son
717 3367 805 3419 entrde
814 3367 877 3418 dans
889 3379 915 3417 sa
924 3367 975 3418 cite
983 3367 1125 3442 episcopale
1134 3369 1158 3420 te
1169 3370 1199 3418 15
1207 3352 1292 3432 initiet
1298 3371 1407 3422 suivant.
1420 3427 1422 3430 ,

386 3449 388 3452 ’
404 3457 449 3521 ti)
466 3458 536 3508 Lisez
546 3457 652 3506 amicos.
795 3459 796 3462 ’

411 3545 449 3607 (ὅ).
465 3543 537 3595 bisen
547 3540 744 3604 concupisceret.
768 3583 769 3587 ,
992 3587 995 3593 ,

412 3631 447 3695 (t)
465 3631 532 3682 G'est
544 3634 645 3678 surtout
657 3625 762 3677 deustos
771 3626 875 3677 recorda
886 3626 931 3676 des
940 3625 1058 3676 boherias
1071 3627 1102 3676 de
1115 3626 1190 3689 Lidge
1202 3625 1300 3690 pubiids
1313 3627 1326 3676 1
1339 3633 1408 3678 cette

378 3719 476 3782 epoque
485 3729 535 3780 que
547 3713 708 3776 l'expression
726 3725 827 3762 merum
838 3716 862 3762 et
879 3713 991 3764 mistam
1003 3713 1145 3778 imperium
1156 3719 1196 3763 est
1209 3711 1349 3776 employee.
1359 3713 1407 3763 Ces

378 3803 479 3856 reeords
488 3808 533 3853 out
543 3799 585 3852 dte
594 3797 708 3862 analyse's
718 3811 762 3862 par
773 3798 889 3864 Heuaox,
902 3797 1016 3850 Histoire
1032 3799 1068 3849 da
1078 3813 1147 3865 pays
1159 3799 1190 3850 ds
1203 3797 1284 3866 Lie'po,
1300 3798 1362 3851 edit.
1374 3800 1406 3850 de

380 3892 453 3951 1871,
461 3899 479 3941 1.
488 3890 519 3956 11,
530 3903 572 3952 pp.
580 3889 611 3938 ii
622 3892 649 3938 et
660 3887 724 3938 suiv.

410 3979 446 4043 (5)
464 3977 518 4039 Sic;
530 3981 555 4039 et
566 3975 598 4026 de
610 3971 691 4024 nieme
701 3973 836 4039 satisfacio
847 3987 912 4038 pour
922 3973 1077 4039 satisfactio,
1088 3979 1136 4027 eto.
