3102 4914
628 475 756 566 (¹5)

175 617 293 676 ritatem
319 626 524 693 exposcerent,
552 615 661 693 placuit
687 615 819 694 pontilici
844 617 970 676 maximo
997 605 1087 675 Paulo
1116 616 1209 692 ipsius

173 717 258 776 ducis
274 717 442 794 petitiones,
459 717 610 796 potissime
625 716 702 775 circa
717 717 975 778 confirmationem
993 717 1072 795 pacis
1088 716 1162 774 inite
1179 717 1207 774 in

173 817 439 893 Sancto-Tridone,
461 817 578 878 deferre
598 818 633 877 ad
654 819 812 879 consilium
834 819 909 878 sacri
932 827 1052 878 senatus
1067 835 1208 892 reveren-

172 917 366 978 dissimorum
392 931 491 978 sancte
516 922 648 980 Romane
673 920 804 978 ecclesiae
830 919 1042 991 cardinalium3
1069 917 1208 996 quicum

174 1019 298 1078 minime
322 1014 556 1078 confirmandam
583 1021 634 1077 scd
662 1020 759 1094 potius
786 1017 996 1078 infirmandam
1016 1017 1209 1096 judicassent,

173 1121 334 1199 presertim
355 1120 384 1178 in
402 1119 519 1198 punctis
533 1129 562 1179 et
581 1120 715 1179 articulis
729 1121 905 1190 dominium,
922 1121 1146 1198 proprietatem,
1158 1119 1209 1196 ju·

171 1220 362 1280 risditioncm
375 1221 619 1280 etauctoritatem
633 1221 803 1280 Leodiensis
815 1221 936 1279 ecclesie
948 1219 1208 1292 concernentibus

172 1321 302 1379 maxime
317 1339 384 1378 cum
401 1339 455 1378 nec
469 1321 624 1398 episcopus
640 1332 691 1380 aut
704 1322 866 1398 capitulum
878 1320 929 1401 (Ι),
942 1322 1039 1380 clerus
1052 1331 1103 1380 aut
1117 1339 1208 1399 popu·
1222 1327 1394 1396 nuusatpapa
1409 1341 1467 1374 con-

171 1421 218 1480 lus
233 1422 329 1500 ipsam
350 1412 521 1480 confirmari
537 1432 696 1499 peterent:
717 1439 754 1480 ne
769 1420 875 1480 ducem
891 1422 990 1499 ipsum
1010 1434 1061 1481 aut
1076 1423 1206 1481 inclitam
1250 1386 1301 1500 {12⁰¹
1302 1393 1467 1504 'iiifleninssss

171 1521 346 1599 Burgundio
366 1521 488 1581 domum
511 1541 547 1581 ex
569 1523 631 1600 ipsa
654 1521 843 1582 revocatione
865 1523 1021 1584 lacesseret
1041 1534 1092 1583 aut
1113 1522 1208 1584 olien-
1249 1503 1467 1621 {giiiiiiidttaddt
1518 1533 1521 1542 s

172 1623 268 1698 deret,
289 1623 393 1683 statuit
414 1625 514 1701 potius
534 1623 667 1702 pontifex
687 1625 751 1706 ipse
772 1625 918 1684 maximus
938 1625 1148 1685 consultationi
1167 1623 1208 1705 (2)

166 1725 282 1802 judicio
298 1725 426 1801 legatum
443 1724 588 1784 exlatere
610 1742 664 1783 suo
679 1723 715 1800 ad
735 1735 834 1802 partes
848 1725 928 1804 ipsas
950 1735 977 1784 et
994 1725 1110 1798 ducem,
1122 1725 1207 1804 juxta

171 1825 237 1904 ejus
259 1826 445 1904 petitionem,
460 1826 676 1897 transmictcre,
698 1827 748 1903 qui
765 1843 867 1904 pacem
891 1825 970 1884 inter
984 1827 1157 1904 episcopum
1178 1839 1208 1886 et

172 1946 242 1986 suos
265 1925 400 1986 subditos
420 1933 624 2006 componeret,
645 1927 837 1987 interdictum
857 1927 1013 2002 relaxaret,
1035 1928 1156 1987 elericos
1178 1939 1208 1987 et

171 2028 262 2086 laicos
279 2027 315 2086 ab
331 2027 532 2087 ecclesiasticis
547 2028 682 2088 censuris
698 2028 875 2100 absolveret,
891 2029 1023 2106 privatos
1038 2029 1209 2088 restitueret

171 2128 208 2187 ad
236 2128 376 2200 honores,
402 2126 560 2206 dignitates
586 2140 615 2188 et
641 2129 729 2201 bona,
754 2131 877 2189 alteram
900 2130 1030 2208 partium
1051 2129 1208 2188 concordie

172 2240 391 2307 repugnantem
408 2231 542 2288 censuris
557 2238 587 2288 et
599 2229 737 2289 bracchio
750 2231 875 2290 seculari
889 2231 1090 2310 compelleret,
1102 2231 1207 2291 ducem

171 2329 272 2407 ipsum
295 2341 484 2395 exortaretur
505 2339 534 2388 et
555 2342 693 2390 moneret
714 2340 747 2391 ut
768 2331 806 2391 ab
828 2332 955 2390 Ecclesia
984 2349 1015 2390 se
1041 2332 1210 2391 contineret

170 2429 282 2506 injuria
298 2431 345 2488 vel
358 2428 482 2501 offensa,
497 2440 527 2489 et
539 2430 635 2490 solum
647 2431 693 2490 his
706 2450 764 2508 que
775 2450 826 2490 sua
840 2441 939 2492 essent
951 2441 1109 2491 contentus
1121 2445 1207 2506 esset,

171 2539 202 2590 et
215 2529 270 2588 alia
287 2529 398 2590 laceret
412 2549 470 2608 quc
491 2532 789 2614 sacris-continentur
803 2533 899 2611 legato
917 2533 1030 2592 traditis
1045 2533 1207 2611 rescriptis.

212 2633 346 2710 lnjunxit
367 2633 423 2692 hoc
445 2615 599 2713 legationis
621 2653 697 2693 onus
720 2634 852 2713 pontifex
876 2635 1023 2693 maxianus
1045 2635 1155 2694 Paulus
1180 2635 1206 2692 ll
1220 2635 1458 2740 Νῗὲῑθὶῡῐθεθῐῐΰένῠ·

171 2735 318 2795 lionofrio
336 2737 373 2796 dc
393 2735 622 2810 Sancta-Crura,
641 2737 835 2796 Tricoricensi
856 2736 1004 2814 episcopo,
1021 2735 1096 2794 urbe
1115 2736 1207 2794 Roma
1294 2733 1298 2744 '

170 2837 310 2908 oriundo,
326 2838 377 2914 qui
390 2836 536 2917 (utsupra
553 2847 747 2898 memoratum
762 2849 807 2898 est
820 2835 874 2917 (5))
885 2837 966 2909 alias,
979 2854 1107 2896 unacum
1120 2839 1208 2896 Petro

170 2937 292 3009 Fcrrici‚
303 2948 375 2998 tunc
387 2937 486 3015 palatii
499 2936 634 2998 auditore
650 2957 731 2998 nunc
743 2957 813 2998 vero
825 2935 1033 3016 Tyrasoncnse
1048 2956 1207 3017 epyscopo,

172 3049 308 3118 tempore
323 3041 365 3099 Pii
380 3041 661 3119 pontilicis-maximi
678 3043 707 3100 in
721 3042 878 3101 Germania
893 3040 1046 3120 degentes,
1061 3039 1131 3100 huic
1146 3039 1209 3100 dis·
1288 3096 1293 3102 ,

170 3141 271 3201 eordie
286 3143 492 3219 componenda
504 3160 626 3202 manum
638 3153 840 3221 apposuerant
854 3142 907 3222 (4).
920 3143 981 3217 Hie,
995 3161 1062 3202 eum
1079 3143 1114 3201 ad
1132 3142 1207 3200 hane

169 3241 350 3322 legationem
370 3243 542 3320 designatus
564 3253 652 3315 essct,
671 3244 735 3321 ipsa
750 3244 797 3303 die
817 3243 895 3303 beati
921 3242 1077 3320 Augustini
1099 3242 1208 3320 penul·

170 3343 242 3402 tima
265 3343 375 3402 mensis
397 3344 515 3423 augusti
535 3343 590 3423 (5),
612 3352 642 3403 el
663 3344 818 3403 coelestim
838 3363 869 3402 sc
891 3341 926 3402 ad
950 3344 1004 3402 iter
1027 3343 1207 3418 accingeret,

1457 2905 1464 2935 l

202 3647 237 3711 (1)
255 3647 289 3697 Le
299 3646 453 3708 chapitrede
464 3647 487 3696 la
499 3647 644 3698 cathedrale
653 3648 685 3698 dc
699 3648 865 3714 S⁸·Laml›ert,
880 3649 894 3698 l
907 3648 990 3710 trega.

199 3728 242 3796 (2)
255 3732 329 3781 Lisez
340 3731 561 3783 consultationis?

200 3819 237 3882 (5)
253 3818 461 3882 Volcei-dossas,
471 3832 535 3882 page
545 3821 568 3870 6.

200 3904 237 3966 (4)
255 3904 329 3954 Lisez
340 3904 483 3968 depecta...
497 3912 670 3969 opposuerat.

202 3990 239 4054 (5)
256 3992 288 4040 La
302 3989 393 4040 letede
402 3991 602 4056 saiutdugustin
614 3993 699 4044 tombe
710 3993 732 4042 le
742 3993 773 4042 98
787 3991 854 4042 aeut.

251 4083 317 4137 ullu.
341 4096 489 4139 onormus.
