3126 4906
302 621 304 633 ·
377 597 429 675 qui
444 613 545 656 secum
560 607 696 655 erantnt
712 585 832 667 Scitote,
844 594 949 671 inquit,
966 611 1021 672 pro
1035 605 1127 666 certo,
1142 594 1221 670 quud
1241 595 1264 654 si
1280 592 1411 672 aliquem
1478 635 1481 640 -

379 719 396 753 »
418 708 584 759 castrorum
599 696 696 756 lucum
709 694 883 755 teodienses
894 695 1062 774 aggressuri
1073 702 1146 754 sunt
1156 703 1253 766 nocte,
1266 701 1299 754 ut
1314 693 1412 756 iacere

371 821 396 855 ,a
417 799 524 871 solent,
538 797 683 858 hierenus
697 797 734 856 de
748 797 830 855 Fcux
851 795 907 855 erit
923 814 930 854 ι
946 795 1044 854 sciunt
1059 794 1140 854 enim
1162 795 1349 874 episcopum,
1363 814 1416 856 mc

372 898 397 953 n
411 905 448 957 et
461 897 682 958 uumbercoun
704 896 752 956 bic
773 914 846 966 esse,
863 915 898 954 ex
915 895 1110 971 iittcrisquas
1124 895 1166 956 eis
1180 895 1270 955 hodie
1288 896 1411 975 scripsi·

378 1017 395 1053 a
419 1015 485 1057 mus
500 1016 554 1058 nos
569 983 710 1076 quatuor,
718 996 794 1056 datis
806 995 835 1055 in
851 995 907 1055 boc
918 996 996 1068 iocc;
1011 1003 1075 1054 tum
1092 995 1147 1054 hec
1157 1006 1253 1056 castra
1265 994 1409 1057 debiliora

372 1119 397 1162 'u
417 1109 488 1158 sunt
505 1098 570 1158 aliis
591 1106 777 1158 armatarum
795 1114 922 1155 numero
946 1103 976 1156 et
996 1095 1050 1155 ioci
1070 1095 1236 1172 iniquitate,
1255 1105 1285 1156 et
1305 1097 1410 1174 proxi·

371 1221 395 1254 n
417 1199 511 1259 miora
525 1200 643 1260 civitati
666 1199 773 1259 tubere
795 1198 886 1276 igitur
907 1198 989 1278 signa
1008 1197 1125 1276 disponi
1147 1209 1189 1270 ut,
1205 1199 1229 1256 si
1248 1197 1327 1257 ferte
1347 1197 1409 1258 huc

377 1319 394 1355 n
416 1300 549 1373 veniant,
566 1301 679 1380 possint
692 1299 741 1359 alii
756 1298 842 1359 nobis
857 1317 922 1359 csse
940 1299 1079 1378 presidio.
1096 1319 1115 1354 n
1127 1299 1237 1358 Placuit
1249 1297 1407 1376 judicium,

277 1421 278 1428 ¹
375 1405 405 1458 et
420 1399 517 1460 missis
539 1399 673 1476 undique
687 1398 801 1458 adalia
822 1409 915 1458 castra
934 1395 1088 1474 numptiis,
1103 1399 1142 1457 ita
1163 1397 1340 1478 dispositum
1362 1407 1409 1459 est

374 1509 405 1558 et
426 1499 597 1568 ordinatum
613 1511 666 1560 cst.
681 1499 768 1558 ibant
781 1509 811 1558 et
825 1496 964 1558 redibant
981 1499 1152 1575 frequentes
1166 1498 1308 1578 numptii,
1326 1498 1408 1558 aiiir·

371 1608 489 1660 mantes
505 1601 711 1660 Leodiensium
726 1618 831 1678 agmen
847 1601 1022 1659 continuare
1039 1601 1096 1659 iter
1115 1600 1151 1659 ad
1171 1601 1266 1678 Huyo,
1281 1600 1408 1660 aduerso

369 1699 501 1762 dumine
514 1689 602 1776 Mose,
618 1721 680 1761 nec¹
694 1720 748 1762 nos
767 1701 909 1779 suspicari
925 1701 1035 1762 debcre
1049 1711 1083 1760 ut
1100 1699 1138 1759 ad
1157 1719 1226 1761 cum
1249 1701 1348 1761 iocum
1368 1701 1407 1760 de

375 1804 455 1864 Fcux
473 1803 617 1864 insultum
636 1803 729 1862 acturi
744 1803 813 1875 sint,
828 1820 895 1862 cum
917 1800 955 1860 ad
970 1803 1045 1861 latus
1064 1799 1196 1862 fluminis
1209 1813 1240 1861 et
1254 1801 1318 1861 iere
1332 1820 1407 1862 ccn-
1440 1835 1446 1843 ·

373 1905 466 1966 trario
480 1905 588 1965 itinere
601 1904 691 1964 situm
706 1903 759 1975 sit3
777 1904 815 1963 ad
832 1922 906 1982 quos
922 1905 1034 1981 togatus
1049 1921 1056 1962 :
1069 1925 1087 1960 <t
1107 1903 1162 1976 An,
1177 1903 1286 1982 inquit,
1303 1905 1406 1982 ignota

374 2028 392 2063 »
413 2004 511 2066 adhuc
529 2005 612 2065 vebis
633 2017 677 2065 eat
692 2004 897 2066 Leodiensium
914 2005 1053 2075 versutia,
1069 2005 1120 2081 qui
1135 2022 1204 2065 cum
1218 2003 1405 2065 accidentem

375 2129 392 2162 a
415 2115 517 2183 petere
530 2113 667 2165 statuunt
682 2106 828 2166 ementem
847 2117 952 2166 versus
966 2125 997 2166 sc
1014 2123 1138 2184 pergere
1154 2105 1293 2184 finqunti
1304 2109 1405 2167 Estote

374 2229 393 2262 a
414 2205 506 2286 igitur
526 2207 627 2284 vigiles
648 2217 678 2266 ct
696 2206 787 2266 nolite
801 2224 905 2266 eorum
928 2206 1043 2266 itineris
1058 2215 1110 2265 aut
1125 2206 1239 2266 consilii
1257 2206 1404 2284 juditium

374 2331 392 2364 a
414 2325 543 2381 sumere,
566 2307 618 2366 sed
642 2306 800 2387 proponite
820 2307 920 2367 animo
944 2316 975 2367 et
999 2304 1102 2384 fingite
1124 2325 1175 2367 ecs
1200 2307 1258 2366 hnc
1284 2306 1346 2367 iere
1361 2307 1405 2387 (t)

373 2430 391 2464 »
412 2417 565 2468 ventures.
581 2430 599 2466 u
615 2408 878 2489 Dispositisigitur
897 2407 1037 2478 excubiis,
1054 2406 1292 2487 exploratoribus
1308 2408 1406 2487 piuri-

372 2509 429 2568 mis
450 2517 481 2568 et
502 2509 656 2570 nocturnis
671 2509 819 2588 vigilibus,
836 2526 889 2567 ncs
905 2507 1060 2586 paululum
1079 2525 1170 2587 super
1183 2526 1304 2570 acervos
1319 2527 1406 2586 segc·

372 2621 436 2670 tum
448 2611 542 2688 quieti
553 2610 689 2671 dedimus
701 2609 844 2687 usquead
855 2609 984 2670 mediam
996 2610 1060 2670 fere
1072 2619 1188 2670 nectem
1201 2629 1210 2669 :
1225 2628 1292 2669 cum
1301 2609 1404 2671 subite

371 2710 519 2770 universis
534 2710 638 2770 castris
650 2709 687 2770 ad
698 2729 780 2770 arma
792 2712 1008 2771 conclamatum
1020 2720 1064 2770 cst
1079 2732 1097 2768 t<
1113 2711 1288 2772 Lecdienscs
1300 2710 1404 2772 adesse

369 2810 407 2870 ad
423 2808 583 2871 numerum
596 2812 698 2871 decem
710 2811 836 2885 milium,
847 2809 1082 2871 obstinatissime
1091 2811 1127 2870 ad
1139 2829 1271 2890 pugnam
1285 2812 1405 2887 animm

369 2914 509 2991 legatum,
533 2913 706 2992 episcopum
727 2923 757 2974 et
781 2912 1000 2972 Hunrbereourt
1020 2911 1057 2972 ad
1078 2931 1111 2972 se
1132 2912 1279 2991 instanter
1299 2925 1403 2993 petere

369 3025 403 3074 ut
416 3015 447 3074 in
463 3014 611 3074 civitatem
634 3014 779 3074 reducant
802 3013 867 3085 hos,
883 3013 993 3074 seilicet
1014 3015 1143 3094 legatum
1166 3022 1197 3074 et
1216 3015 1401 3095 episcopum

368 3121 471 3175 contra
482 3113 533 3192 jus
553 3113 657 3191 sasque
678 3115 706 3172 vi
729 3113 945 3191 detentusque
967 3132 1037 3194 pace
1058 3114 1096 3175 ad
1117 3114 1224 3175 ducem
1245 3116 1399 3187 dimissum

366 3213 450 3275 ilium
466 3231 547 3288 vero,
562 3225 665 3275 eontra
677 3213 846 3293 jusjurandi
861 3213 967 3290 fidem,
983 3226 1118 3295 tempore
1133 3226 1164 3277 et
1179 3217 1243 3276 lucc
1257 3235 1312 3277 sue
1327 3235 1398 3296 cap-

366 3316 473 3376 tivitati
488 3323 598 3376 statute
613 3335 645 3376 se
660 3334 719 3377 non
735 3315 885 3376 exibuisse
896 3337 923 3379 a.
936 3315 1034 3394 Atque
1045 3317 1075 3377 in
1087 3317 1134 3378 bis
1146 3324 1227 3377 tanta
1238 3319 1400 3394 conmetio,

366 3401 514 3488 contusio,
530 3434 622 3495 perer
636 3424 667 3476 ct
681 3415 848 3476 sollicitudo
860 3417 890 3475 in
905 3417 948 3476 eia
960 3417 1064 3477 eastris
1079 3429 1180 3479 exerta
1195 3428 1250 3494 cst,
1262 3430 1296 3479 ut
1310 3420 1402 3480 ctiam

366 3526 465 3576 terror
486 3515 524 3575 sit
546 3515 714 3589 reminisci3
736 3515 860 3577 aberant
886 3518 1043 3596 episcopus
1064 3529 1092 3578 et
1116 3517 1337 3581 Humbcrecurt
1362 3521 1401 3581 ad
1496 3518 1503 3532 ’

362 3635 466 3694 regem
486 3628 516 3676 et
536 3614 659 3689 ducem3
680 3635 783 3678 omnes
803 3638 819 3678 e
841 3617 944 3677 castris
964 3619 1069 3677 armati
1091 3618 1253 3698 prodibant
1272 3620 1307 3680 ad
1331 3639 1402 3700 pree

363 3717 436 3776 lium
445 3735 453 3790 ;
468 3727 652 3777 remanserat
669 3719 781 3796 legatus
798 3715 828 3777 in
849 3736 939 3795 parve
955 3719 1074 3798 tugurio
1089 3719 1252 3780 viminibus
1267 3733 1399 3783 carrecta

397 3959 434 4019 (1)
453 3959 524 4009 tisez
535 3961 602 4023 sore.
