3088 4926
347 596 441 660 court,
456 595 593 646 vocatum
605 585 642 646 ab
654 605 688 647 co
701 597 730 646 et
740 586 781 665 (l)
793 585 848 646 elie
860 606 950 646 cause
965 589 1008 666 (ct
1022 587 1198 666 magistrum
1215 587 1380 649 Robertum

347 687 528 748 cormelitum
545 691 652 748 'secum
675 706 709 748 ex
732 696 816 765 parte
837 686 978 767 episcopi)
997 699 1026 748 et
1049 700 1081 748 ut
1102 688 1139 748 de
1159 689 1381 750 conditionibus

348 789 426 869 pacis
442 797 627 848 tractaretur.
640 788 805 866 Rescripsit
818 788 911 866 igitur
926 789 1036 867 legatus
1057 788 1136 848 illico
1154 789 1230 848 circu
1252 789 1380 850 medium

350 898 466 949 noctem
481 911 499 947 c<
513 888 554 970 (ᾖ)
569 889 671 950 venire
685 889 722 950 cd
737 889 886 949 civitatem
903 907 934 948 se
948 888 1135 968 disponeret,
1150 889 1219 967 quia
1238 907 1380 968 magnum

349 1001 377 1051 et
393 990 505 1051 bonum
520 1009 597 1070 opus
610 990 727 1068 operari
743 989 890 1069 possctod
905 990 982 1068 pacis
997 989 1212 1067 prosectionem
1224 991 1277 1070 (5),
1289 1008 1382 1068 seque

350 1082 447 1154 taliter
462 1093 653 1173 provisurum
675 1091 754 1170 quod
776 1099 839 1152 tute
861 1100 891 1151 et
912 1091 1007 1168 libere.
1027 1091 1092 1151 sine
1112 1090 1211 1168 aliquo
1233 1100 1313 1151 metu
1335 1093 1382 1152 vel

352 1195 483 1272 periculo
501 1194 649 1255 civitatem
675 1192 791 1274 ingredi
813 1202 934 1271 posset:
954 1192 1073 1269 quodsi
1088 1191 1260 1253 omnimodo
1278 1192 1382 1253 venire

350 1303 511 1371 recusaret,
522 1295 673 1356 conferret
687 1315 720 1355 ea
735 1313 794 1373 que
809 1295 839 1354 in
856 1295 1002 1354 mandatis
1013 1289 1143 1354 habehat
1156 1313 1172 1352 a
1187 1293 1262 1353 duce
1275 1295 1383 1356 loanni

352 1398 488 1470 Altelast,
503 1397 675 1477 cappellano
690 1414 754 1467 suo,
766 1397 819 1474 *qui
835 1407 907 1455 tunc
921 1396 1001 1474 aprud
1015 1395 1045 1455 d.
1061 1395 1260 1455 Humbercort
1274 1404 1339 1456 eret
1352 1417 1382 1454 ».

352 1501 429 1561 ldisit
444 1518 564 1578 quoque
577 1500 689 1576 legatus
706 1497 843 1575 sequenti
858 1497 907 1558 die
921 1515 1038 1561 summo
1054 1497 1184 1557 diluculo
1205 1497 1381 1576 magistrum

353 1600 473 1681 lmspitii
499 1599 559 1672 sui,
584 1617 651 1658 cum
678 1598 794 1668 duobus
822 1599 944 1658 numtiis
966 1598 1008 1678 (l)
1032 1598 1155 1675 publicis
1181 1599 1296 1658 suiset
1322 1617 1381 1658 urm

343 1703 482 1781 ‘episcopi
499 1699 676 1772 Leodiensis‚
691 1719 796 1760 versus
816 1701 895 1759 viem
917 1698 1183 1772 Sancti-Tridonis,
1205 1709 1239 1758 ut
1259 1698 1283 1758 si
1304 1699 1382 1758 forte

351 1807 451 1866 Simon
467 1805 645 1864 secretarius
659 1803 801 1864 Leodium
817 1803 919 1864 venire
935 1803 1124 1874 decrevisset,
1138 1802 1256 1862 obviem
1278 1802 1306 1862 ei
1329 1801 1382 1860 lic-

350 1915 418 1968 rcnt
438 1917 468 1966 et
489 1914 552 1966 tute
573 1906 610 1965 ed
632 1907 780 1964 civitatem
800 1905 1011 1964 conducerent.
1028 1906 1162 1981 Cumque
1177 1903 1214 1962 ed
1229 1903 1303 1964 duos
1318 1902 1381 1963 iere

350 2005 448 2068 leucc's
464 2007 611 2085 progressi
632 2006 945 2080 essent‚·invenerunt
967 2006 1075 2065 multos
1098 2005 1224 2064 rusticos
1247 2024 1283 2065 ex
1303 2005 1382 2066 villis

354 2107 494 2184 proximis
509 2107 545 2166 ed
560 2107 707 2167 civitatem
723 2106 872 2186 fugientes
884 2125 950 2166 cum
965 2107 1064 2185 parvis
1080 2121 1184 2165 eorum
1196 2104 1275 2180 filiis,
1287 2105 1382 2166 bobus

280 2226 282 2230 ’
353 2216 382 2267 ct
396 2207 481 2283 equis
494 2225 528 2266 oc
542 2207 654 2284 exiguis
673 2225 777 2266 eorum
796 2206 1066 2286 suppellectilibus,
1088 2217 1176 2284 prout
1197 2206 1382 2267 commodius

353 2326 389 2367 cx
412 2307 641 2387 Burgundorum
664 2308 755 2386 prede
777 2325 809 2366 se
830 2309 946 2384 eripere
962 2316 1100 2384 poterunt
1116 2326 1123 2367 z
1139 2307 1297 2385 interogeti
1314 2323 1383 2366 vero

354 2407 495 2486 quidnam
511 2409 554 2468 rei
570 2419 657 2481 essct,
671 2408 901 2468 renunctierunt
917 2406 1092 2486 Burgundos
1112 2426 1147 2466 er
1168 2407 1295 2486 Tongris
1314 2425 1382 2466 cum

353 2508 491 2570 omnibus
512 2510 603 2586 copiis
619 2509 768 2588 inagnum
792 2509 984 2569 leodiensem
1007 2507 1128 2582 effusos,
1149 2509 1248 2568 omnin
1270 2508 1384 2585 spoliis.

355 2612 499 2673 incendiis
513 2622 542 2673 et
556 2611 628 2672 cede
643 2623 774 2682 vestare3
788 2630 880 2688 quare
896 2611 1050 2687 paululum
1072 2610 1219 2688 progressi
1235 2628 1331 2686 usque
1346 2608 1383 2669 ed

354 2715 453 2774 villam
476 2715 641 2794 proximam
662 2732 751 2791 quam
774 2723 879 2773 vocant
901 2716 1079 2790 Crestencey
1100 2711 1154 2790 (5),
1177 2723 1207 2770 et
1228 2719 1383 2789 prospecte

355 2816 422 2875 villo
437 2835 472 2876 ex
488 2817 603 2876 tumulo
617 2815 761 2874 eminenti
777 2816 927 2894 proximo,
946 2831 1014 2872 cum
1033 2813 1179 2872 sentirent
1200 2811 1383 2891 gementium

356 2918 485 2978 ululatus
511 2917 776 2996 prospicerentque
805 2913 981 2992 Burgundos
1005 2911 1105 2972 villem
1129 2912 1323 2973 incendentes
1351 2929 1404 2970 oc.

354 3017 517 3079 crudeliter
536 3017 566 3077 in
589 3016 711 3096 predam
735 3025 764 3074 et
785 3015 886 3075 cedem
904 3015 1051 3091 profusos,
1068 3013 1221 3093 paululum
1238 3024 1384 3072 retroces-

282 3111 284 3125 '
342 3123 433 3190 scre,
445 3126 634 3195 expectentes
649 3117 679 3175 in
697 3117 864 3193 proximum
881 3117 977 3175 vicum
993 3116 1016 3175 si
1033 3115 1109 3175 iortc
1131 3115 1232 3174 Simon
1254 3125 1384 3174 secretu-

355 3221 418 3280 rius
431 3219 467 3278 ed
483 3220 612 3297 legatum
628 3207 759 3292 veniret3
781 3217 833 3277 sed
852 3237 930 3290 cum,
949 3218 1112 3278 inclinante
1126 3215 1188 3298 jem
1206 3216 1265 3288 die,
1283 3218 1382 3295 ipsum

354 3321 455 3383 venire
470 3340 530 3382 non
547 3322 761 3401 prospicerent,
777 3321 807 3381 in
822 3321 970 3382 civitatem
985 3321 1113 3400 regressi
1129 3329 1208 3380 sunt.

387 3620 424 3684 (l)
441 3621 460 3670 ll
474 3620 528 3670 leot
539 3619 669 3683 peut-erre
682 3621 726 3669 lire
738 3633 771 3670 ec
782 3628 807 3671 et
819 3620 961 3683 supprimer
973 3625 997 3670 et
1007 3619 1081 3682 apres
1094 3619 1117 3668 la
1130 3616 1287 3682 parenthese.

384 3707 422 3772 (ἢ)
438 3704 563 3768 Suppleez
575 3710 612 3756 ot.
624 3707 690 3757 C'est
702 3707 715 3756 d
728 3706 813 3756 Simon
825 3707 857 3755 de
870 3707 893 3756 le
907 3707 1006 3755 llerrest
1018 3705 1080 3767 qu'il
1091 3704 1163 3755 e'crlt.

385 3791 421 3854 (ὅ)
439 3789 510 3842 Lisez
522 3792 713 3856 perfectionem.

386 3877 423 3940 (l)
439 3878 487 3928 Sic
500 3879 568 3928 Nous
577 3891 656 3928 avons
668 3877 723 3940 deit
738 3892 767 3926 ru
781 3878 908 3941 numptiic
919 3885 945 3926 et
958 3878 1079 3928 trunctitr.

387 3965 425 4029 (5)
442 3964 543 4015 Crlsuee
554 3977 587 4016 ou
600 3950 726 4028 Crisgnee,
736 3964 896 4014 commonet
911 3964 941 4012 15
952 3962 1097 4013 kilometres
1109 3962 1141 4014 de
1155 3961 1237 4025 Lidge.
1278 3941 1279 3948 ἵ
