3102 4914
165 613 195 672 ct
211 612 330 690 triginta
341 609 525 670 florenorum
540 611 668 682 mitibus,
683 601 856 687 impositum
873 621 918 670 est
930 629 1040 671 novum
1055 621 1084 670 et
1099 613 1197 672 insue-

165 714 275 774 tamin
293 724 352 772 toto
368 712 461 791 patria
477 713 599 791 vectigal
618 730 709 789 super
726 711 866 772 omnibus
883 724 912 774 ct
928 714 994 772 usui
1011 723 1040 772 et
1051 713 1194 773 comertio

164 812 298 874 humano
308 813 493 884 necessariis
504 813 588 891 cujus
599 813 691 872 antrui
704 829 819 872 summa
832 824 877 873 est
887 827 1008 874 centum
1021 815 1134 874 mitium
1144 800 1197 874 iid-

163 932 307 975 rcnorum
319 913 517 987 itencnsium3
533 932 620 991 aquo
636 933 690 974 nec
703 911 764 994 juri
777 913 818 992 (i)
834 916 1022 977 ecclesiastici
1039 927 1093 976 nec
1106 919 1193 977 etiam

164 1015 313 1074 seculares
331 1015 382 1092 qui
400 1025 497 1091 partes
512 1014 642 1092 episcopi
664 1015 783 1091 sequuti
803 1015 931 1092 suerunt,
950 1017 1098 1096 immunes
1120 1018 1196 1077 exis·

165 1125 243 1175 tunt.
254 1105 404 1189 dirigenda
419 1124 491 1174 sunt
506 1113 561 1174 hec
577 1115 726 1194 vectigalia
744 1115 781 1174 ab
794 1116 984 1176 exactoribus
999 1118 1083 1178 ducis
1098 1118 1196 1195 quoad

164 1217 202 1276 dc
223 1217 337 1295 integra
357 1215 527 1276 debitorum
549 1235 662 1274 summa
685 1216 852 1276 sitientum
874 1218 953 1292 satis,
976 1217 1088 1294 absque
1109 1219 1196 1278 sortis

164 1317 374 1390 diminutione,
397 1317 454 1377 sub
477 1319 564 1378 certis
581 1317 684 1378 formis
709 1319 789 1378 inter
811 1338 858 1378 eos
876 1311 1039 1379 conventis.
1063 1319 1196 1397 Fidejus'·

156 1437 250 1480 sores·
266 1437 385 1498 quoque
406 1419 540 1496 requisiti
558 1436 708 1478 accessere
724 1439 778 1498 pro
798 1422 878 1480 iaicis
892 1420 991 1480 omnia
1007 1421 1196 1488 ecciesiapum

163 1521 302 1597 capitula,
325 1520 504 1614 monasterio
523 1531 552 1580 ct
571 1517 692 1603 collegia
715 1521 841 1580 civitatis
857 1529 887 1578 et
904 1521 999 1598 patric
1014 1517 1193 1594 leodiensis,

152 1619 329 1698 obligantes
354 1621 453 1680 omnia
482 1621 616 1699 ipserum
643 1620 833 1679 ecclesiarum
859 1619 948 1692 bona,
970 1622 1034 1680 data
1059 1620 1340 1690 iacuitatet‘iuejussio
1359 1632 1454 1679 eterno

162 1721 345 1782 vendendi
339 1742 401 1800 lpse
415 1724 438 1781 si
455 1721 573 1780 statutis
594 1721 802 1798 temporibus
797 1742 824 1780 m
846 1723 992 1781 solutione
1015 1722 1192 1796 defecerint
1238 1701 1288 1735 rum
1299 1703 1340 1749 pro
1351 1689 1417 1736 laios

162 1843 292 1901 quorum
308 1826 434 1885 maxima
452 1823 589 1902 pai-siam
603 1824 720 1883 vendita
735 1823 832 1883 irrorat
845 1836 912 1883 ante
924 1825 1011 1903 iegati
1023 1825 1195 1895 adventum,

163 1926 199 1985 ad
226 1908 372 1985 sutnmam
398 1924 583 1986 florenorum
609 1927 795 2004 quatrnginta
815 1927 940 1998 mitium,
965 1945 1031 1984 cum
1050 1937 1219 2005 potestate,

162 2026 330 2086 redimendi
348 2027 468 2104 quando
488 2024 517 2084 id
535 2027 667 2085 ecclesiis
688 2026 809 2085 libuerit
829 2039 857 2084 tt
879 2025 970 2086 fuerit
994 2026 1192 2086 commodum.

156 2127 270 2187 biuri'
263 2145 388 2205 insuper
407 2127 533 2186 civitatis
549 2139 578 2186 et
590 2127 716 2186 aliorum
737 2127 837 2186 decem
856 2127 1042 2206 opidorum
1035 2127 1193 2206 insignium
1209 2137 1332 2186 oenomao
1376 2151 1471 2184 rouro

163 2228 283 2307 penitus
304 2227 368 2286 ab'
361 2228 430 2304 ipsis
453 2226 667 2302 fundamentis
691 2238 722 2286 ut
737 2227 854 2304 jussum
877 2238 950 2299 erat,
969 2228 1101 2287 demoliti
1117 2219 1195 2287 sunt.
1238 2208 1299 2246 rum

164 2329 230 2386 Dux
253 2329 353 2407 igitur,
371 2332 434 2406 ipse
453 2327 529 2405 jam
538 2329 642 2399 victor,
667 2326 792 2387 sublatis
818 2336 847 2386 ct
869 2328 992 2387 concisis
1018 2328 1063 2387 cei
1085 2329 1196 2388 exustis

163 2430 303 2490 omnibus
321 2430 447 2489 civitatis
467 2441 496 2488 ct
516 2430 674 2507 opidorum
695 2429 868 2510 privilegiis,
888 2442 915 2489 et
935 2430 1078 2490 translato
1101 2430 1196 2490 tribu-
1211 2439 1337 2498 niequuuo
1372 2444 1456 2485 tracta-

163 2531 223 2590 na‘ii
239 2531 322 2589 curio
340 2531 503 2609 spiritualis
524 2529 561 2588 ad
583 2531 637 2590 tria
659 2531 707 2590 itia
728 2532 789 2590 ioco
811 2532 932 2591 ditionis
947 2551 999 2590 suc
1017 2531 1046 2590 in
1071 2541 1194 2592 tractatu
1239 2504 1304 2602 idid
1329 2502 1351 2543 οἳ
1375 2509 1456 2556 grava

163 2631 320 2690 concordie
333 2633 484 2690 nominato
502 2628 554 2709 (ᾗ),
570 2651 602 2690 ac
613 2631 727 2690 sublata
740 2635 877 2691 columna
893 2651 960 2691 cum
976 2645 1105 2709 quatuor
1115 2652 1196 2692 eneis

164 2734 270 2792 statuis
293 2751 384 2810 super
403 2751 435 2791 ea
459 2733 605 2810 impositis
624 2752 659 2790 ex
680 2731 745 2792 foro
767 2731 931 2810 Leodiensi‚
952 2751 1041 2809 quam
1062 2735 1197 2812 vulgares

161 2851 321 2910 perronem
344 2832 488 2893 vocabant
512 2844 542 2893 et
556 2853 587 2893 ea
605 2834 709 2911 Brugis
725 2834 820 2894 delata
837 2834 890 2913 (ὅ),
905 2833 1061 2894 duodecim
1077 2853 1197 2913 quoque

164 2935 273 2996 civium
291 2937 496 2996 leodiensium
509 2936 685 3014 corporibus
698 2936 781 3013 juxta
796 2956 888 2996 unum
904 2956 943 2997 cu¹
954 2921 1111 2996 concordie
1126 2938 1197 2996 arti·

164 3037 239 3098 culis
254 3039 290 3098 ad
305 3035 388 3097 ducis
412 3037 594 3098 voluntatem
614 3038 723 3114 eiectis,
738 3051 765 3098 et
782 3059 817 3098 ex
830 3022 877 3098 his
893 3057 1000 3098 novem
1016 3039 1111 3098 securi
1128 3059 1204 3118 per·.

165 3141 362 3200 cussis:cum
385 3140 466 3198 ornni
488 3159 542 3199 suo
567 3141 698 3200 exercitu
725 3140 838 3216 abicnS,
856 3141 960 3218 Brugis
982 3159 1119 3201 reversus
1143 3153 1197 3215 est,

165 3240 262 3300 ductis
278 3260 377 3301 secum
390 3261 406 3301 c
417 3242 533 3301 civitate
546 3253 575 3300 et
592 3243 688 3318 opidis
706 3243 799 3319 patrie
814 3243 971 3328 obsidibus
983 3262 1041 3303 non
1057 3242 1196 3302 mediocri

165 3361 309 3416 numero;
325 3343 496 3422 dimisitque
509 3345 538 3402 in
552 3346 645 3423 petria
658 3345 810 3406 Leodiensi
823 3346 950 3424 legatum
964 3346 1025 3406 sive
1038 3347 1114 3406 vices
1130 3364 1196 3406 suas

159 3525 285 3535 ...ι-...ση-

199 3633 235 3695 (t)
253 3633 394 3684 Lisezoiri.

182 3759 184 3762 .
196 3721 234 3785 (it
251 3721 271 3770 Α
283 3721 366 3770 samir
378 3733 385 3770 ι
398 3719 551 3780 Maestricbt,
563 3718 673 3768 Louvain
684 3723 711 3766 et
722 3719 824 3766 Namur.

197 3809 233 3868 td)
251 3809 280 3857 u.
297 3809 400 3857 ttenaux
415 3820 428 3856 a
446 3805 509 3858 ecrit
527 3819 578 3856 une
596 3805 679 3854 notice
698 3818 743 3854 sur
756 3805 779 3854 te
794 3817 883 3867 perron
898 3802 1010 3867 tiege'ois.
1023 3804 1076 3854 Une
1088 3815 1195 3865 gracum

164 3895 340 3957 representem
357 3899 426 3943 cette
442 3892 549 3942 colonae
565 3905 593 3942 se
610 3897 701 3941 trouve
717 3891 779 3940 dans
796 3889 819 3940 te
835 3888 937 3939 necnec
949 3889 993 3938 dea
1006 3889 1196 3992 trourpmestrec

163 3979 195 4030 dc
208 3979 290 4042 iidoc,
303 3993 326 4042 p
337 3979 391 4028 187.
