3088 4926
819 446 945 543 (74)
1037 439 1039 444 ’

367 613 385 647 n
400 609 463 651 sem
486 601 514 650 te
535 588 581 648 bis
602 598 707 669 sponte
731 605 790 646 non
811 588 1010 660 consensisse,
1037 588 1130 646 immo
1151 586 1238 646 tacite
1256 605 1323 646 cum
1341 589 1399 647 tuis

368 691 539 752 »fidelibus
569 709 623 769 per
650 687 766 769 publica
795 686 972 747 documenta
1003 685 1230 758 contradixisse,
1258 699 1399 766 metuque

369 792 522 871 »majoris
539 790 607 849 mali
622 799 725 849 contra
741 788 923 849 voluntatem
940 799 1022 848 tuam
1034 787 1119 847 desse
1133 787 1176 868 (l)
1187 787 1302 848 litteras
1318 789 1400 869 sigil-

370 915 387 950 n
403 893 489 962 lates;
512 892 631 952 evasisti
656 889 813 950 canonicas
838 908 945 967 penas,
968 889 1015 948 vol
1035 888 1157 949 cohacto
1180 907 1327 949 consensu
1353 892 1399 950 vel

369 1016 386 1051 n
402 1003 483 1054 certe
497 991 731 1053 contradictione
747 990 797 1048 tali
814 989 944 1067 privata,
966 989 1033 1050 licet
1049 1008 1109 1049 non
1124 989 1232 1064 libera;
1249 989 1273 1049 si
1288 991 1398 1050 iterum

369 1117 386 1151 n
402 1092 565 1167 consensis,
580 1109 640 1150 non
656 1090 775 1150 dubites
790 1089 900 1150 eisdem
918 1100 945 1150 te
958 1100 987 1149 et
1002 1098 1069 1150 tuos
1086 1089 1170 1167 penis
1185 1089 1397 1167 inlaqueatum,

359 1215 386 1249 .n
403 1192 581 1274 publiceque
600 1189 789 1266 denunctiari
811 1209 867 1269 per
885 1208 933 1249 me
954 1199 1054 1270 potes,
1077 1200 1105 1249 tc
1126 1189 1157 1248 in
1177 1188 1240 1249 illas
1262 1189 1399 1250 incidisse

370 1317 387 1351 n
404 1312 504 1372 penas.
533 1291 591 1352 Sed
619 1290 677 1351 hoc
699 1290 776 1350 sorte
803 1291 912 1350 summi
935 1289 1084 1368 pontilicis
1104 1288 1218 1367 judicio
1240 1290 1399 1350 salubriori

370 1415 387 1450 n
403 1391 572 1464 reservabo,
589 1391 635 1451 vel
657 1390 743 1465 lorte,
759 1390 783 1449 si
802 1390 830 1450 id
848 1389 1010 1450 consultius
1027 1388 1188 1465 videbitur,
1203 1389 1397 1469 sapientibus,

370 1515 388 1551 a
403 1513 478 1571 quos
492 1493 630 1554 evocabo.
655 1495 687 1552 ln
709 1491 862 1573 insigniori
879 1492 943 1551 loco
966 1492 1156 1566 constitutus,
1172 1511 1227 1570 pro
1240 1491 1355 1568 justitia
1371 1495 1414 1550 ct*

369 1617 388 1652 n
404 1614 474 1674 pace
494 1593 696 1655 conservanda
718 1613 777 1653 non
799 1592 958 1653 obmictam
976 1593 1088 1665 facere,
1108 1593 1165 1652 nisi
1190 1592 1268 1652 iorte
1286 1593 1398 1670 justam

369 1719 386 1754 n
403 1715 520 1756 oausam
533 1695 705 1776 allegaveris
720 1714 775 1754 cur
788 1695 816 1754 id
831 1694 896 1754 lieri
912 1712 973 1754 non
987 1694 1112 1754 debeat:
1128 1713 1217 1772 quam
1231 1713 1267 1754 cx
1279 1704 1308 1754 te
1320 1714 1398 1755 nunc

369 1819 387 1854 a
402 1798 568 1878 intelligere
583 1798 679 1876 cupio.
696 1794 784 1856 Volui
799 1795 854 1855 heo
871 1795 967 1874 palam
982 1814 1082 1855 coram
1099 1807 1127 1854 te
1142 1804 1171 1854 et
1186 1795 1251 1856 aliis
1268 1795 1314 1855 liic
1330 1815 1398 1874 prc-

370 1919 388 1956 o
401 1898 547 1969 sentibus,
559 1897 689 1957 hocloco
701 1896 819 1966 dixisse,
831 1915 886 1975 pro
897 1896 1101 1956 conservando
1114 1896 1228 1957 honore
1240 1898 1398 1976 apostolice

370 2024 387 2059 a
403 2001 497 2073 sedis,
512 2021 534 2061 s.
556 2000 584 2060 d.
606 2019 636 2060 n.
656 2008 685 2059 ct
707 2018 782 2070 meo,
808 2010 837 2058 et
862 2007 896 2058 ut
918 2008 997 2059 totus
1020 1999 1152 2059 mundus
1168 2000 1312 2078 intelligat
1336 2001 1398 2077 pios

371 2122 389 2157 n
405 2099 523 2161 labores
540 2111 569 2159 et
584 2117 669 2160 eures
684 2099 832 2177 pontilicis
848 2099 967 2158 maximi
985 2100 1065 2159 Pauli
1085 2102 1109 2159 ll
1128 2111 1156 2160 et
1179 2120 1259 2161 meos
1278 2101 1315 2160 ad
1332 2119 1398 2180 per·

371 2202 560 2263 eliciendam
591 2215 620 2262 et
648 2201 856 2262 stabiliendam
885 2214 1032 2282 perpetuo
1062 2221 1177 2281 pacem;
1208 2202 1340 2282 deosque
1369 2215 1397 2263 et

371 2324 388 2360 n
403 2302 550 2377 homines,
564 2302 660 2362 celum
676 2313 707 2363 et
723 2313 833 2362 terram
849 2312 937 2363 testes
952 2305 1066 2375 invoco,
1089 2323 1142 2363 nec
1158 2322 1213 2381 per
1235 2321 1281 2363 me
1304 2323 1398 2381 neque

372 2426 389 2460 n
405 2423 459 2482 per
473 2403 608 2464 subditos
622 2415 697 2477 tuos,
708 2402 760 2463 sed
774 2423 827 2482 per
844 2412 872 2463 te
886 2405 981 2487 solum
995 2413 1024 2464 et
1035 2405 1144 2465 amicos
1156 2406 1201 2464 vel
1217 2405 1397 2465 consiliarios

370 2527 388 2562 n
404 2517 471 2566 tuos
483 2507 583 2580 malos,
596 2515 687 2565 restat
699 2517 728 2565 ct
741 2515 890 2585 repugnat
900 2507 1059 2584 quominus
1071 2518 1170 2584 optata
1185 2526 1241 2586 pax
1256 2507 1316 2568 liat.
1329 2510 1397 2567 Ecce

371 2626 388 2661 n
403 2606 427 2666 si
443 2605 514 2683 quid
530 2625 565 2665 ex
579 2605 675 2665 officio
690 2606 844 2687 legationis
866 2625 930 2666 mee
949 2607 1097 2687 agendum
1122 2608 1174 2686 pei·
1201 2628 1247 2667 me
1264 2608 1345 2668 rides
1362 2609 1396 2668 ad

370 2729 388 2763 n
404 2705 616 2785 perficiendam
643 2725 761 2785 pacem,
787 2708 843 2783 die,
866 2719 895 2768 et
921 2727 968 2768 me
986 2719 1122 2786 paratum
1140 2727 1260 2787 semper
1277 2709 1397 2769 ridebis.

371 2828 389 2863 n
405 2807 482 2868 Veni
492 2808 571 2868 enim
585 2809 664 2888 pacis
675 2821 789 2881 auctor,
802 2828 860 2870 non
875 2810 961 2889 prelii
973 2829 1141 2889 persuasor.
1153 2810 1238 2884 Quod
1251 2813 1275 2870 si
1291 2810 1398 2871 bellum

371 2929 389 2966 n
404 2908 569 2987 desideras,
584 2909 640 2970 hoo
654 2929 700 2970 me
716 2922 854 2991 presente
869 2930 929 2971 non
942 2931 1019 2992 ages.
1031 2913 1104 2971 Vale
1119 2922 1148 2972 et
1163 2915 1244 2972 Deus
1256 2913 1397 2991 juditium

371 3030 389 3064 n
405 3028 493 3068 suum
509 3009 561 3070 tibi
573 3010 624 3070 det
639 3021 669 3070 et
683 3011 785 3072 miotat
797 3011 849 3072 tibi
861 3013 1004 3072 auxilium
1021 3011 1058 3070 de
1074 3023 1185 3073 saneto.
1201 3014 1317 3086 Moneo,
1330 3029 1399 3092 rogo

372 3130 389 3166 n
405 3118 435 3169 et
446 3111 567 3187 requiro
580 3130 632 3171 vos
646 3129 749 3172 omnes
766 3113 897 3173 notarios
913 3123 942 3172 ct
958 3113 1067 3173 scribes
1084 3113 1132 3173 laic
1146 3126 1301 3192 presentes
1318 3126 1350 3174 ut
1363 3112 1399 3172 de

372 3231 390 3268 a
405 3210 453 3271 bis
471 3230 530 3289 que
552 3231 607 3291 per
628 3230 675 3271 me
695 3212 857 3273 dictasunt
879 3214 916 3272 ad
934 3224 1068 3274 eternam
1085 3215 1260 3275 memoriam
1284 3215 1398 3293 publico

372 3311 584 3374 »documenta
600 3313 800 3374 conscribatis.
817 3334 835 3369 »
1098 3327 1100 3331 ·

115 3424 256 3472 confirmant
283 3431 361 3500 patres
412 3413 560 3474 Continuo
584 3413 742 3494 episcopus
765 3426 794 3475 et
819 3433 921 3476 omnes
948 3415 1010 3476 lere
1034 3416 1086 3494 qui
1117 3415 1241 3476 aderant
1261 3417 1349 3479 effusi
1371 3421 1400 3478 in

158 3483 228 3530 ΝΜ
239 3482 315 3543 ¹⁰⁸³n'
351 3501 541 3590 “laclrrimas,
552 3514 664 3593 stupidi
677 3514 828 3576 exitabant
840 3518 880 3594 (2)
893 3517 964 3594 quid
973 3518 1107 3578 dicerent
1118 3530 1170 3578 aut
1181 3529 1316 3598 agerent3
1323 3517 1402 3598 judi·

371 3627 530 3692 cetumque
544 3625 590 3676 est
608 3636 622 3674 a
640 3618 731 3676 saeris
748 3627 777 3676 et
793 3617 937 3697 religiosis
959 3619 1028 3678 viris
1045 3619 1173 3699 legatum
1195 3638 1256 3680 non
1271 3639 1325 3680 suo
1341 3619 1401 3696 spi-

404 3882 439 3948 (l)
456 3884 621 3935 bisezclossc.

403 3969 439 4033 (ἲ)
457 3971 528 4022 bisez
537 3969 686 4031 exstabant,
699 3984 730 4020 ou
743 3971 945 4036 excogitabant?
