3088 4926
598 476 728 574 (67)

144 615 237 673 coacti
257 622 343 687 sunt3
363 614 568 694 increpituque
586 617 717 696 graviter
737 618 874 696 episcopo
889 617 968 694 qnod
984 628 1081 677 stante
1098 619 1176 695 pacis

146 722 273 773 tractatu
299 733 461 775 concursus
485 716 522 774 ad
548 718 684 794 praetium
712 736 766 795 per
790 738 859 778 suos
885 719 983 785 ficret.
1006 719 1120 798 legatus
1145 737 1176 776 re

146 814 256 875 iniecta
276 816 367 876 abeo
388 815 535 891 discessit,
554 819 694 899 episcopo
716 839 747 880 se
768 831 928 881 excusante
950 831 1050 899 preter
1069 820 1177 880 scitum

147 925 177 977 et
195 904 378 978 voluntatem
400 937 484 979 suam
503 918 533 978 id
552 940 615 981 esse
635 921 755 983 suctum.
771 923 877 983 Abibat
893 924 1004 1003 legatus
1018 922 1178 1002 indignans

146 1026 272 1097 propter
299 1019 342 1078 rei
371 1020 543 1094 novitatem,
572 1021 708 1102 jurgatus
734 1025 927 1102 episcopum:
955 1046 972 1080 a
998 1025 1022 1083 si
1049 1022 1177 1102 prelium

147 1118 297 1196 cupiebat,
315 1119 386 1197 quid
405 1121 562 1198 oportebat
580 1123 723 1184 derisorie
744 1133 899 1185 tractatum
921 1125 1000 1204 pacis
1021 1124 1177 1183 teneret»

94 1245 97 1250 ·
149 1219 215 1279 luce
229 1220 337 1281 clarius
358 1222 414 1282 sibi
439 1224 680 1307 demonstrans«
705 1227 761 1286 nisi
786 1227 929 1306 populum
952 1226 989 1285 ab
1011 1226 1179 1304 irruptione

149 1321 345 1380 continuisset
359 1321 471 1400 legatus
490 1323 546 1384 sub
561 1344 615 1403 spe
629 1327 794 1386 concordiae
814 1335 843 1388 et
866 1327 921 1387 hoc
943 1327 1021 1405 pacis
1041 1335 1178 1398 tractatu,

60 1410 63 1414 ⁵
145 1422 208 1500 jum
234 1422 327 1482 deties
351 1424 392 1501 (i)
419 1443 488 1484 suos
517 1445 620 1486 omnes
644 1426 736 1487 inisse
759 1426 891 1504 perditos
913 1437 965 1487 aut
984 1429 1181 1505 interemptos

151 1524 233 1583 velut
261 1542 331 1584 uvrs
359 1543 374 1582 a
403 1525 496 1604 iupis,
526 1527 694 1606 irruptione
723 1547 777 1607 per
804 1529 948 1607 populum
975 1527 1065 1600 facta;
1091 1545 1182 1603 seque

150 1625 279 1703 amplius
302 1625 380 1684 nolle
405 1622 514 1686 frustra
538 1646 592 1704 pro
615 1647 685 1706 pace
711 1628 846 1688 laborare
876 1649 904 1688 n.
930 1630 1003 1687 Cum
1026 1627 1179 1705 paululum

149 1726 264 1804 legatus
280 1727 471 1806 processisset
484 1728 661 1806 obequitans
682 1749 784 1789 versus
799 1730 958 1804 civitatem,
974 1729 1130 1805 episcopus
1145 1727 1181 1786 ad

151 1846 221 1890 eum
247 1829 326 1887 misit
347 1828 421 1888 diros
444 1849 478 1889 ex
503 1829 685 1907 primoribus
707 1831 782 1906 suis,
805 1831 1013 1890 cancellarium
1029 1837 1126 1889 ‘suum
1153 1840 1183 1888 et
1209 1853 1210 1858 ¹

152 1930 353 2010 presidentem
376 1932 490 1992 co'nsiiii
512 1931 704 2011 Burgundum
720 1931 775 2012 (2),
791 1952 845 2011 por
865 1951 938 2009 quos
959 1931 1014 1992 sibi
1040 1932 1097 1991 dici
1113 1930 1182 1990 feeit
1254 1983 1256 1986 .

152 2053 170 2088 a
183 2032 355 2109 episcopum
372 2033 446 2092 velie
461 2033 558 2092 omnia
575 2033 672 2092 faeere
687 2053 745 2111 qne
761 2035 856 2112 iegato
871 2033 1055 2104 viderentur,
1065 2028 1183 2091 obsides

153 2133 233 2190 nolle
248 2142 349 2209 petere
366 2143 397 2190 ut
413 2133 506 2210 majus
517 2133 632 2192 civibus
646 2134 701 2192 iilis
713 2133 915 2193 testimonium
929 2132 1032 2192 fidutic
1044 2131 1183 2210 episcopo

153 2232 241 2307 soret,
263 2251 344 2292 arma
368 2245 400 2292 ut
425 2233 610 2312 deponerent
635 2235 664 2293 in
689 2235 818 2313 propriis
840 2233 979 2294 domibus
1001 2242 1031 2294 ct
1053 2234 1183 2293 inermes

153 2334 272 2394 obviam
298 2339 327 2394 in
354 2337 465 2415 eampis
491 2337 628 2414 episcopo
657 2335 868 2414 procederent,
893 2336 930 2396 dc
957 2335 1126 2395 franchisiis
1155 2344 1184 2391 et

154 2436 302 2497 sexdecim
319 2448 400 2496 extra
415 2435 611 2496 demictendis
626 2456 682 2516 pro
697 2455 776 2497 nunc
792 2445 933 2496 tacerent.
950 2437 1009 2494 Hac
1024 2435 1087 2512 lege
1103 2453 1134 2494 se
1153 2433 1183 2492 in

154 2537 302 2599 civitatem
319 2539 434 2618 ingredi
451 2550 586 2617 paratum
602 2557 668 2599 cum
685 2541 745 2599 suis
759 2540 920 2600 armatis.»

197 2642 257 2700 Etsi
282 2642 465 2701 conditiones
491 2641 560 2701 sutis
585 2640 723 2721 ambigue
748 2651 779 2702 et
802 2660 862 2701 non
888 2642 1061 2702 omnimodo
1086 2640 1436 2724 iacileaneititerumacci·

155 2745 253 2822 legato
264 2741 449 2815 viderentur,
464 2741 669 2817 nihilomiuus,
685 2761 721 2802 ne
736 2742 848 2819 aliquid
863 2742 1050 2803 ommictcret
1064 2742 1099 2801 ad
1118 2759 1187 2819 prc-
1211 2712 1440 2833 {ssffljeffilffgffiga

158 2845 316 2905 sectionem
332 2843 372 2924 (5)
389 2844 481 2922 pacis,
497 2843 607 2903 iterum
623 2843 762 2903 Leodium
780 2863 917 2903 reversus
938 2855 996 2918 est,
1015 2843 1187 2921 reperitque

157 2965 252 3026 prope
272 2946 397 3005 civitatis
414 2956 514 3025 portas
528 2957 631 3024 gentes
646 2945 777 3024 episcopi
800 2965 866 3004 cum
890 2944 1004 3004 civibus
1028 2943 1188 3023 preliantes

158 3047 239 3108 inter
259 3046 334 3106 duos
356 3047 457 3120 colles,
478 3046 611 3124 aliosque
634 3047 698 3106 aliis
719 3048 791 3106 locis
806 3047 918 3124 sagittis
940 3065 971 3105 sc
989 3046 1188 3124 impetentes:

159 3167 235 3225 quos
249 3149 362 3228 legatus
377 3146 531 3224 quiescere
547 3167 710 3226 parumper
724 3149 840 3226 rogavit
854 3158 884 3208 et
896 3148 984 3226 jussit
1000 3149 1094 3207 donec
1110 3156 1189 3205 tran·

160 3253 246 3320 siret,
267 3251 369 3325 sicque
390 3249 517 3326 prelium
533 3250 580 3308 iiia
597 3250 644 3310 dic
658 3251 793 3309 sedatum
811 3263 866 3323 est,
881 3243 1058 3310 mirantibus
1073 3251 1189 3309 cunctis

194 3477 231 3540 (t)
248 3476 298 3536 Sic,
307 3489 373 3539 pour
385 3476 476 3526 decies.

194 3562 230 3627 (Ξ)
246 3565 281 3613 Le
293 3563 435 3614 chaneetier
447 3563 478 3613 de
491 3565 565 3613 tonis
577 3565 608 3614 de
622 3565 747 3624 domoon,
760 3565 851 3614 aeette
863 3564 971 3627 speque,
982 3563 1044 3614 e'tuit
1056 3564 1192 3625 probante-

163 3657 231 3702 ment
247 3651 356 3700 Hermen
374 3648 486 3698 d'ddeur
502 3662 535 3698 ou
552 3650 699 3714 d'Etderen,
715 3650 766 3700 cite
781 3650 838 3713 pius
855 3650 914 3699 toin.
927 3651 975 3700 Son
989 3649 1055 3700 frere
1068 3650 1193 3700 Godrnoel

163 3738 196 3787 tui
214 3734 322 3786 succede
340 3749 372 3784 en
390 3741 456 3783 cette
474 3733 555 3785 meme
572 3735 678 3798 qualite,
698 3749 729 3786 en
752 3737 849 3786 t'anne'e
869 3737 940 3785 1480.
957 3735 1028 3798 (νος.
1048 3749 1078 3785 on
1090 3735 1193 3794 'Tacen

163 3838 206 3889 op.
221 3827 272 3884 eit,
292 3831 308 3872 t.
326 3822 366 3882 lv,
383 3836 423 3885 pp.
442 3820 491 3871 eet
508 3829 534 3872 et
550 3821 618 3885 etr.)
633 3823 716 3884 Quant
732 3835 765 3872 eu
783 3823 911 3885 presidem
928 3822 961 3872 du
980 3823 1073 3872 conscit
1087 3822 1165 3884 privs,
1178 3823 1193 3871 n

164 3924 195 3962 en
207 3925 222 3961 a
232 3910 274 3961 e'te'
288 3910 331 3961 tait
343 3910 454 3960 mention
467 3910 523 3972 plus
536 3909 609 3969 haut,
621 3923 645 3972 p.
657 3908 697 3958 22.

197 3995 234 4060 (5)
250 3996 324 4046 Lisez
334 3993 524 4059 perfectionem.
