3088 4926
814 362 941 458 (88)

403 502 467 560 Jem
478 503 559 563 inter
568 503 674 563 milites
683 514 711 563 et
720 502 825 581 vulgus
837 502 945 562 lamam
956 513 1129 581 sparserant
1140 504 1230 565 duces
1241 507 1392 569 exercitus

365 603 595 682 Burgundorum
603 603 816 682 pacominitam
828 603 906 662 inter
918 605 1099 662 Francorum
1111 623 1211 684 regem
1219 607 1393 688 etBurgun-

363 706 412 766 die
426 705 532 766 ducem
547 705 598 787 (4),
612 707 770 785 ipsumque
785 707 890 767 ducem
906 723 974 765 cum
990 713 1052 764 toto
1066 706 1196 765 exercitu
1209 707 1249 767 ad
1264 709 1392 770 civitatis

364 805 589 868 subversionem
615 807 678 868 lore
706 815 879 879 venturum
905 803 944 866 ob
973 823 1062 882 quam
1090 825 1206 866 causam
1232 828 1329 886 usque
1353 811 1393 870 ad

364 905 491 967 mediam
501 906 561 967 lero
570 917 697 981 noctem,
706 906 825 986 ignibus
834 906 969 965 maximis
981 907 1110 966 accensis
1119 907 1150 967 in
1159 908 1276 986 signum
1288 911 1393 985 letitie,

363 1024 574 1086 campanarum
595 1018 625 1066 ct
642 1007 707 1066 aliis
726 1007 816 1079 sonis,
835 1005 979 1078 cantibus,
997 1004 1081 1082 jocis,
1100 1007 1195 1066 coreis
1213 1009 1255 1088 (2)
1275 1019 1305 1068 et
1323 1029 1393 1071 con·

364 1108 589 1184 messetionibus
604 1108 712 1168 intenti
726 1109 821 1170 luere.
836 1109 909 1168 Cum
925 1117 1010 1168 nocte
1025 1108 1131 1180 media,
1145 1112 1271 1189 peractis
1286 1110 1391 1174 corum

112 1227 197 1274 trorum
226 1226 312 1286 petitur
343 1211 488 1290 agaudiis,
501 1229 605 1271 omnes
626 1211 689 1270 iera
711 1230 742 1272 se
763 1211 856 1288 quieti
876 1209 1037 1286 dedissent,
1051 1210 1177 1270 ducibus
1196 1212 1344 1274 exercitus
1359 1216 1390 1274 in

58 1359 60 1364 .
140 1286 453 1402 ὲξῆῗξρξξῗζῗῃζῗζάοωο
468 1313 597 1391 episcopi
614 1315 643 1371 in
655 1312 776 1371 consilio
788 1309 984 1390 congregatis,
993 1310 1030 1371 ad
1042 1312 1129 1389 legati
1142 1311 1313 1372 cubiculum
1326 1315 1392 1392 pul·

140 1414 186 1459 3⁰²·
367 1431 435 1474 sans
450 1413 624 1491 repentinus
635 1413 757 1471 accessit
775 1413 820 1470 vir
831 1411 953 1472 illustris
967 1412 1095 1471 loannes
1114 1411 1152 1472 de
1167 1414 1274 1491 Bergcs
1290 1414 1344 1492 (ὅ),
1359 1417 1389 1475 in

310 1579 313 1584 ,
366 1511 519 1577 llollandia
547 1515 639 1573 latum
670 1522 774 1574 tencns
804 1512 980 1586 dominium,
1010 1513 1126 1589 eloquio
1151 1513 1258 1588 clarus,
1282 1514 1390 1577 litteris

365 1615 501 1677 eruditus
517 1627 547 1676 ct
565 1615 697 1675 moribus
718 1615 906 1692 conspicuus,
928 1614 975 1673 vir
996 1613 1099 1690 utique
1120 1615 1200 1673 omni
1222 1614 1337 1677 honore
1361 1627 1391 1676 et

242 1792 245 1799 Ι
332 1722 342 1789 ζ
364 1718 556 1778 veneratione
582 1716 802 1788 memorandus,
827 1716 878 1792 qui
904 1716 1051 1793 superiori
1074 1727 1210 1794 tempore
1230 1719 1336 1798 Brugis
1360 1731 1390 1780 et

364 1819 482 1879 Lorarii
497 1836 564 1877 cum
577 1821 670 1896 legato
683 1819 808 1878 maxima
822 1817 1021 1876 familiaritate
1029 1817 1152 1894 junctus
1164 1828 1227 1877 crat
1242 1819 1291 1895 (4).
1309 1819 1387 1880 ilica

363 1918 606 1998 duceBnrgundo
618 1930 683 1997 post
697 1918 863 1978 (luidonem
877 1918 1044 1978 Uberoourt
1057 1919 1098 1995 (5)
1113 1918 1230 1994 missus,
1246 1919 1387 1979 anteriori

362 2019 410 2079 die
426 2019 520 2098 legato
538 2019 652 2078 dixerat
667 2038 697 2078 se
718 2019 856 2079 actulissc
878 2018 1014 2077 mandata
1030 2017 1113 2077 ducis
1136 2027 1170 2078 ut
1192 2018 1288 2079 Guido
1314 2020 1388 2080 nibil

364 2127 464 2198 ageret
484 2119 541 2178 nisi
559 2117 817 2196 quodepiscopus
836 2118 1003 2178 leodiensis
1021 2117 1151 2195 juberet.
1171 2119 1214 2176 Ad
1231 2118 1317 2196 cujus
1330 2121 1389 2180 cla·

366 2221 472 2280 mantis
492 2238 595 2280 vocem
617 2239 650 2278 oa
675 2219 883 2297 intempestiva
909 2219 1003 2280 noctis
1022 2220 1096 2279 hora
1118 2239 1184 2279 cum
1209 2229 1269 2282 tota
1283 2221 1387 2282 domus

363 2321 484 2382 sollicita
506 2333 536 2381 et
559 2331 695 2381 conmota
717 2321 803 2394 soret,
831 2321 1004 2382 auctoritate
1023 2322 1079 2382 viri
1105 2331 1134 2382 ot
1158 2325 1256 2402 magni
1278 2324 1386 2402 aliquid

362 2506 401 2514 ..v-

394 2610 432 2675 (1)
449 2614 483 2663 Le
499 2613 515 2662 9
530 2613 641 2672 octobre,
659 2611 735 2662 Louis
752 2611 784 2661 xl
803 2611 887 2662 s'etait
905 2610 984 2661 rendu
1005 2609 1019 2660 ‘a
1039 2611 1153 2661 Pc'ronne
1175 2611 1267 2674 aupres
1286 2613 1321 2663 du
1340 2613 1388 2662 duo

362 2699 473 2750 Clrarles.
671 2762 673 2766 Ι

395 2786 431 2849 (4)
450 2785 638 2836 Lisezclrorca's.

397 2873 431 2932 (ὅ)
448 2871 508 2920 lean
518 2871 549 2919 de
560 2869 668 2932 Glpmes,
677 2869 714 2918 dit
725 2881 782 2918 oue
795 2881 898 2931 presses
911 2867 1002 2929 leores,
1019 2869 1137 2930 seigneur
1149 2867 1180 2917 de
1194 2868 1304 2931 Glymes,
1316 2869 1390 2932 Berg-

364 2958 487 3020 op-Zoom
500 2954 572 3018 (c‘est
583 2954 606 3002 le
619 2955 689 3004 lotus
701 2955 846 3004 dominium
859 2954 886 3002 in
900 2952 1063 3018 Holtandia),
1075 2953 1161 3016 Melin,
1174 2953 1389 3015 Braine-l'llleud,

363 3040 495 3099 walhem
505 3046 571 3089 mort
580 3051 612 3088 en
624 3039 696 3090 1494.

397 3127 435 3190 (4)
453 3125 554 3188 ll’apres
573 3129 642 3186 lnge
660 3125 693 3175 de
717 3123 826 3184 viterbo,
847 3123 894 3174 col.
914 3125 985 3189 1440,
1007 3123 1068 3173 Jean
1089 3123 1120 3173 de
1143 3124 1207 3185 Berg
1231 3121 1389 3186 temoiguet

366 3212 487 3264 Onulrius
496 3213 694 3276 l'estimequ'ila
707 3224 801 3274 concae
815 3225 879 3282 pour
887 3225 914 3260 sa
926 3223 1065 3276 personne:

567 3345 630 3391 Alme
638 3351 712 3406 pater,
720 3343 811 3403 Brugis,
823 3343 917 3389 Lovanii
927 3349 950 3388 et
960 3341 1059 3389 Motibus
1068 3343 1121 3389 olim

568 3425 620 3484 lpse
628 3429 689 3468 tuam
701 3421 753 3468 novi
764 3420 881 3479 virtutem,
891 3428 915 3466 et
925 3436 1014 3482 semper
1024 3421 1110 3477 amavi3

567 3503 598 3547 Et
607 3500 626 3546 si
636 3500 691 3561 quid
700 3513 797 3561 possem,
806 3505 894 3544 servato
904 3513 992 3560 semper
1004 3498 1088 3545 honore

567 3578 685 3640 Burgundi
697 3577 792 3637 domini,
803 3577 909 3631 lacerem,
921 3583 1043 3638 noctesque
1051 3576 1145 3636 diesque

567 3659 612 3704 Pro
623 3664 645 3703 ta
653 3672 739 3719 proque
750 3657 804 3715 tuis,
816 3655 884 3700 luerit
894 3655 949 3700 dum
961 3655 1006 3700 rita
1017 3661 1139 3716 superstes,
1149 3660 1193 3700 ete.

399 3787 435 3852 tt)
452 3784 595 3834 Onulriusa
606 3785 689 3835 donne
698 3797 729 3834 au
738 3798 797 3834 nom
810 3785 842 3833 de
855 3782 1039 3833 llnmbercourt
1047 3780 1192 3832 differentes
1199 3778 1393 3842 orthographos,

366 3883 416 3935 que
425 3871 468 3934 j'ai
480 3877 582 3934 partout
591 3870 742 3932 respectees.
