3088 4926
384 557 422 617 ob
440 558 552 617 bonum
578 558 657 636 pacis
679 569 708 618 et
735 570 863 636 stragem
885 557 1062 633 evitandam,
1082 559 1231 618 consensit
1245 560 1276 617 iu
1293 560 1426 619 civitate·

385 660 499 738 regredi
522 660 612 732 velle;
638 658 689 718 sed
710 659 882 739 episcopum
908 658 1063 735 requisivit
1088 649 1122 716 ut
1143 659 1198 718 hoc
1222 661 1408 738 propositum

385 780 473 820 suum
490 761 520 820 in
536 761 653 838 scriptis
668 760 766 821 daret:
787 763 837 838 qui
851 761 960 820 iterum
977 779 1045 820 curn
1066 761 1127 820 suis
1141 761 1263 820 consilio
1279 778 1410 820 seorsum

384 863 467 938 inito,
490 861 527 922 ud
548 864 678 942 legatum
695 863 783 942 paulo
805 863 946 940 temporis
966 862 1122 921 intervallo
1143 862 1278 936 rediens,
1293 862 1370 922 harre
1385 863 1410 921 ei

384 983 505 1042 parvam
518 964 653 1025 cedulam
668 963 788 1024 tradidit
803 981 810 1023 :

817 1195 820 1203 Ι
838 1120 961 1186 Credula.

15 1267 49 1296 Ψ
128 1275 373 1336 tolutaepiscopitn·-
425 1289 442 1324 u
460 1267 718 1345 Contemplatioue
732 1265 974 1327 reverendissimi
996 1267 1023 1326 d.
1045 1265 1131 1346 legati
1153 1279 1183 1325 ct
1208 1267 1333 1326 Ecclesie
1356 1286 1420 1336 sue,

141 1340 201 1449 {iiiia
228 1345 295 1380 manu
321 1349 402 1422 ΙΠὈ“»
416 1366 587 1426 leodiensis
611 1367 725 1441 lavore,
747 1368 880 1446 disponit
900 1387 931 1426 se
953 1353 1090 1427 dominus
1111 1367 1280 1427 leodiensis
1295 1369 1407 1429 intrare

382 1466 562 1526 »civitatem
578 1486 661 1527 suum
677 1467 724 1529 die
739 1468 858 1528 veneris
870 1468 1015 1546 proxima,
1031 1467 1105 1526 circa
1122 1467 1296 1547 prandium;
1312 1479 1343 1527 et
1358 1487 1412 1526 su-

341 1566 343 1570 ’
381 1589 398 1624 n
415 1586 467 1646 per
489 1567 612 1648 singulis
633 1568 722 1628 stabit
742 1568 838 1628 dictus
863 1568 1003 1628 domiuus
1031 1567 1200 1628 Leodicnsis
1225 1566 1408 1627 ordinationi

381 1690 398 1725 n
413 1684 437 1727 r.
454 1669 482 1728 d.
499 1670 595 1749 legati,
610 1670 689 1730 salva
704 1669 849 1730 sententia
863 1668 942 1729 sedis
956 1669 1114 1747 apostolice
1125 1687 1158 1728 ae
1169 1669 1233 1728 sinc
1245 1667 1406 1748 prejuditio

381 1791 398 1825 ›>
414 1770 527 1831 domini
541 1773 624 1831 ducis
639 1771 822 1850 Burgundio.

746 1874 849 1931 Munus
864 1872 907 1948 (1)
923 1872 1042 1949 propriu
1057 1890 1064 1929 :
1080 1873 1250 1931 Luuovrcus
1267 1894 1285 1929 u

125 2099 369 2168 tropa-arusuensis
420 2093 582 2168 Regressus
596 2092 674 2150 illico
689 2091 719 2150 in
735 2091 883 2150 civitatem
899 2092 1012 2169 legatus
1025 2110 1082 2150 unu
1095 2110 1162 2149 cum
1177 2091 1295 2168 illisqui
1308 2110 1407 2152 seeum

138 2159 368 2276 ppiscppppnmun
381 2193 500 2251 luerunt
517 2193 651 2270 patribus
665 2193 865 2265 ecclesiarum,
885 2201 964 2252 tanta
982 2193 1039 2252 suit
1060 2193 1157 2252 omnis
1176 2213 1263 2252 sexus
1278 2205 1308 2254 et
1322 2197 1407 2254 etatis

380 2311 541 2352 concursus
557 2294 660 2371 populi
675 2303 705 2352 et
723 2293 863 2352 exultatio
877 2312 944 2352 cum
956 2293 1093 2371 jocundis
1107 2294 1287 2354 clamoribus
1301 2307 1341 2366 et,
1353 2313 1407 2373 pre

380 2395 469 2453 nimia
493 2395 596 2466 letitia,
623 2395 783 2467 lachrimis,
809 2406 841 2454 ut
861 2394 915 2454 hee
940 2414 1060 2472 quoque
1085 2397 1318 2455 conmemoratio
1341 2398 1405 2474 pios

379 2495 466 2556 llctus
482 2497 619 2570 excutiat,
633 2497 762 2557 maxime
776 2515 843 2556 cum
863 2495 1090 2557 sciscitantes'ab
1103 2497 1292 2556 ecelesiarum
1305 2499 1405 2556 senio-

378 2598 461 2657 ribus
489 2598 688 2676 intelligerent
707 2598 880 2679 episcopum
905 2599 953 2657 die
978 2598 1111 2677 proxima
1139 2598 1203 2658 sore
1227 2611 1404 2672 venturum,

377 2700 425 2758 alii
436 2701 532 2778 legato
547 2700 724 2762 benedicere
738 2713 767 2761 et
782 2702 880 2780 ipsum
896 2702 1019 2761 summis
1034 2701 1176 2760 extollere
1193 2701 1340 2775 laudibus,
1355 2702 1405 2760 alii
1495 2757 1498 2767 ,
1527 2723 1528 2730 “

377 2821 515 2861 accurare
531 2800 572 2882 (ἢ)
586 2803 757 2880 gaudentes,
769 2812 891 2880 tongere
905 2812 935 2861 et
944 2801 1109 2861 deosculari
1120 2803 1207 2880 legati
1220 2813 1249 2862 et
1259 2804 1405 2862 sotiorum

377 2919 500 2960 suorum
516 2911 622 2977 vestes,
647 2901 695 2961 alii
717 2920 825 2960 ornare
850 2902 963 2972 domos,
985 2901 1131 2961 mundare
1155 2903 1245 2970 vicos,
1269 2913 1406 2962 sternere

377 3003 507 3079 porticus
522 3012 551 3060 et
563 3022 668 3080 parare
684 3001 884 3062 incendendas
901 3003 992 3074 tedas,
1008 3003 1051 3062 uti
1069 3005 1172 3082 patriae
1185 3021 1247 3063 mos
1259 3004 1407 3083 reeipien-

377 3099 421 3160 dls
443 3101 567 3159 summis
588 3101 775 3180 principibus
800 3105 913 3161 servari
934 3105 1021 3176 solet;
1046 3105 1174 3181 totisque
1196 3103 1274 3164 binis
1298 3103 1405 3164 diebus

378 3200 536 3259 universus
552 3201 679 3279 populus
696 3201 750 3260 hac
763 3203 956 3278 occupatione
971 3205 1078 3264 letatus
1094 3213 1147 3264 est.
1342 3205 1346 3212 '

419 3303 472 3361 Die
495 3303 620 3377 veneris,
637 3303 733 3362 ultimi
746 3304 934 3381 septembris,
956 3304 1103 3365 redivina
1120 3324 1174 3384 pcr
1187 3323 1291 3366 omnes
1310 3309 1406 3368 eccle-

307 3485 309 3490 Ι
377 3402 433 3463 sias
448 3422 504 3482 pro
519 3422 590 3481 pace
604 3424 640 3464 ex
654 3406 742 3484 legati
757 3406 895 3467 mandato
913 3407 1096 3468 sollemniter
1110 3419 1182 3484 ueta,
1198 3428 1234 3468 ex
1249 3409 1405 3470 seniorum

376 3503 498 3567 consilio
513 3505 626 3583 legatus
645 3523 713 3564 cum
727 3507 911 3585 primoribus
927 3509 999 3567 cleri
1014 3520 1043 3569 et
1060 3509 1170 3568 nivium
1186 3511 1268 3570 exire
1282 3510 1405 3572 obvium

376 3605 515 3682 episcopo
530 3604 641 3679 statuit,
659 3617 691 3666 ut
701 3605 765 3684 ejus
776 3607 924 3686 presentia
936 3607 1062 3668 leviores
1078 3608 1155 3680 sorte
1167 3608 1303 3670 homines
1315 3610 1406 3689 (siout

408 3850 445 3912 ll)
462 3851 532 3902 Lisez
543 3865 632 3902 munu.

408 3935 445 4003 (2)
463 3937 693 3990 Lisczooeurrere·
