3088 4926
170 615 280 678 rogans
293 595 413 656 tandem
427 597 547 654 Petrum
565 615 579 649 c
594 601 628 652 ut
641 593 709 654 duci
724 594 906 674 supplicaret
919 605 1078 674 quatenus,
1090 597 1200 659 intuitu

169 696 224 757 Dei
250 704 280 756 et
304 696 424 774 gloriosi
451 694 528 754 beati
553 693 702 754 lamberti
729 696 859 756 martiris
883 707 913 756 et
938 696 977 757 ob
1002 700 1200 760 reverentiam

171 797 297 859 Ecclesie
323 817 356 858 ac
383 803 484 858 sancte
513 795 672 872 apostolice
701 794 790 872 sedis,
819 797 993 858 Leodienses
1017 811 1051 858 ut
1076 801 1202 861 Ecclesia

170 899 320 978 subjectos
335 898 497 977 respiceret
511 905 751 975 protegeretque,
770 905 799 956 et
820 896 852 957 in
870 897 932 958 suis
946 900 1201 978 oportunitatibus

172 999 353 1072 necessariis,
368 1009 398 1059 et
413 996 540 1058 maxime
557 995 679 1070 bellicis,
695 1009 729 1057 ut
742 996 865 1059 devotos
878 1000 988 1060 amieos
1002 1000 1201 1079 obsequentes

172 1101 270 1179 potius
283 1100 447 1178 susciperet
461 1117 551 1177 quam
568 1107 601 1157 nt
615 1098 683 1158 vilia
700 1099 845 1178 mancipia
866 1109 895 1160 et
914 1100 1034 1161 inutiles
1054 1121 1155 1163 servos
1170 1104 1200 1164 in

171 1199 268 1261 cordis
283 1199 481 1261 amaritudine
496 1199 694 1259 conculcaret.
710 1221 727 1256 a

211 1301 342 1362 Recessit
364 1302 468 1361 Petrus
491 1299 596 1362 eodem
618 1297 667 1358 die
688 1300 814 1378 Tongris
836 1319 903 1360 eum
930 1299 977 1360 his
999 1303 1144 1362 mandatis
1165 1303 1201 1363 ad

171 1400 318 1460 conduees
344 1418 413 1460 suos
439 1408 472 1459 ut
497 1399 577 1478 pacis
602 1389 698 1459 media
724 1407 935 1477 pertractaret;
960 1400 1012 1460 sed
1034 1403 1165 1481 graviter
1186 1421 1203 1464 a

170 1503 348 1562 marescalco
373 1501 536 1582 increpitus
560 1499 652 1578 quod,
674 1519 705 1560 se
725 1501 870 1563 existente
891 1502 1038 1563 exereitus
1057 1503 1203 1584 principe,

171 1605 278 1682 aliquis
299 1624 334 1665 eo
353 1605 520 1664 inconsulto
535 1604 615 1683 pacis
635 1612 775 1664 tractatus
796 1606 958 1684 susciperet
975 1606 1119 1684 agendos,
1137 1626 1200 1668 res·

173 1725 300 1784 pousum
312 1706 407 1786 legato
418 1705 525 1766 redere
535 1705 578 1783 (l)
588 1705 713 1776 distulit,
726 1724 758 1764 re
774 1705 804 1764 iu
819 1706 975 1767 eonsilium
992 1726 1050 1766 non
1066 1707 1202 1782 deducta,

173 1809 350 1870 marescalco
361 1806 550 1888 inibentelb)v
564 1807 663 1880 Quare
676 1806 851 1868 leodienses
862 1807 970 1867 iterum
983 1808 1018 1868 ad
1031 1809 1161 1886 legatum
1174 1821 1204 1870 et

173 1913 347 1990 episcopum
365 1909 587 1983 convenientes,
605 1909 748 1986 quidnam
767 1907 862 1967 acturi
884 1916 982 1968 essent
1005 1927 1121 1968 summa
1139 1907 1204 1968 dili·

174 2014 271 2094 gentia
289 2013 493 2092 postulabaut3
507 2011 599 2072 suasit
609 2011 723 2088 legatus
741 2021 773 2070 ut
789 2028 822 2070 ea
836 2028 896 2086 que
913 2008 1051 2070 dixerant
1065 2009 1157 2072 verbo
1172 2011 1203 2072 in

175 2113 295 2193 seriptis
306 2113 479 2191 redigerent
489 2121 519 2172 et
531 2113 591 2172 suis
602 2112 704 2190 sigillis
717 2110 918 2189 obsignarent,
929 2130 961 2170 se
972 2129 1073 2172 curam
1085 2111 1205 2174 subsec-

177 2225 301 2293 pturum
313 2213 349 2273 ad
361 2213 567 2274 marescallum
582 2221 612 2272 et
626 2212 698 2274 elios
712 2211 920 2274 conmilitones
935 2213 1113 2292 scripturam
1125 2213 1204 2273 illam

176 2315 394 2376 transmictere.

216 2417 391 2497 Congregati
410 2417 498 2477 simul
513 2417 543 2477 in
561 2435 654 2476 unum
673 2418 806 2494 ipsorum
821 2433 903 2476 more
919 2415 1110 2476 coniecerunt
1127 2416 1207 2476 litte·

175 2536 249 2591 rom,
271 2529 301 2577 et
321 2519 399 2578 circa
424 2517 492 2578 solis
514 2535 649 2578 oceasum
668 2517 706 2576 ad
724 2516 852 2594 legatum
874 2512 1064 2578 detulerunt:
1079 2535 1138 2594 qua
1154 2536 1208 2595 per

174 2621 372 2698 interpetrcm
401 2620 475 2678 lecta
502 2636 603 2680 eoram
632 2619 728 2698 legato
754 2628 785 2679 et
811 2618 948 2698 episcopo
978 2637 1046 2678 euru
1073 2618 1207 2697 patribus

174 2721 374 2794 eeclesiarum,
390 2721 458 2780 satis
474 2719 659 2780 rationabilis
674 2718 788 2780 eunetis
801 2731 847 2780 est
861 2721 932 2790 risa,
947 2721 1047 2797 paucis
1066 2719 1103 2779 ad
1114 2719 1208 2797 majo·

176 2842 239 2882 rem
247 2821 493 2901 justificationem
506 2821 589 2882 ducis
601 2820 782 2882 desiderium
794 2820 881 2881 aditis
892 2821 948 2900 (5).
959 2821 1050 2900 Cujus
1061 2823 1209 2902 scripture

176 2923 231 2984 hec
241 2942 356 2984 summa
370 2935 435 2984 erat
446 2943 453 2982 :
465 2945 484 2980 c<
495 2941 527 2986 se
540 2932 658 3002 paratos
671 2941 772 3002 pacem
785 2921 847 3003 jam
862 2941 930 2983 euru
946 2923 1021 2983 duce
1035 2923 1140 2983 initam
1154 2941 1206 2984 seu

178 3025 242 3104 ejus
257 3025 436 3087 sententiam
451 3024 526 3086 velle
540 3043 662 3085 servare
676 3025 865 3102 quantumin
879 3025 920 3084 eis
932 3035 1009 3098 erat3
1021 3024 1073 3084 sed
1088 3025 1208 3085 exilium

177 3144 281 3188 eorum
297 3125 409 3186 aboleri
420 3145 456 3186 ex
467 3126 572 3205 gratia,
584 3126 875 3205 supplicationesque
887 3143 990 3186 eorum
1003 3124 1101 3186 audiri
1116 3127 1146 3186 iu
1162 3125 1208 3186 bis

178 3247 237 3306 que
252 3228 319 3288 duci
335 3227 461 3288 minime
476 3227 628 3301 damnosa,
643 3226 753 3287 civitati
767 3246 839 3288 vero
853 3237 883 3286 ct
898 3226 993 3306 patrie
1009 3226 1098 3286 nimis
1108 3227 1208 3305 gravia

177 3337 278 3388 essent
292 3326 465 3398 exorabant,
480 3335 515 3387 nt
529 3321 658 3386 humiles
672 3327 806 3386 Ecclesiae
820 3325 971 3387 subditi».
988 3328 1046 3386 llae
1060 3327 1207 3405 scriptura

177 3428 311 3490 conlecta
326 3440 355 3488 et
370 3428 487 3488 duobus
502 3427 603 3510 sigillis
617 3427 770 3506 obsignata
784 3440 812 3488 et
826 3427 922 3506 legato
937 3426 1053 3499 tradita,
1068 3427 1132 3505 ipse
1146 3427 1208 3487 ori-

178 3532 308 3611 ginalem
322 3529 401 3609 apud
421 3548 452 3590 se
472 3529 610 3604 detinuit,
629 3529 744 3608 copiam
759 3547 831 3590 vero
841 3548 896 3590 suo
907 3528 1002 3610 sigillo
1016 3527 1161 3607 signatam
1176 3538 1206 3590 et

213 3818 247 3880 (l)
264 3816 338 3867 Lisci
350 3815 465 3865 reddere.

211 3910 247 3972 (tt
265 3906 338 3957 Lisee
350 3903 488 3955 inhibente.

216 3995 252 4055 rs)
270 3993 342 4043 Lisez
355 3991 482 4043 desiderio
495 3990 600 4042 additis.
