3088 4926
150 569 241 644 modo
260 570 397 650 vigerent
415 570 467 648 (i),
486 567 562 628 velie
581 567 686 629 ducem
708 568 880 648 burgundie
903 569 1084 630 constituere
1103 569 1185 630 arbi·
1224 625 1225 629 ,

149 683 233 734 trum
249 682 279 732 et
290 681 394 731 cuncta
408 688 461 730 sua
473 666 514 749 (ἓ)
525 668 667 730 decisioni
680 669 871 744 submietere3
884 689 942 748 que
954 690 1022 731 cum
1037 671 1109 746 dux,
1124 672 1185 730 sive

150 770 316 843 diffidentia
331 769 394 831 sive
408 769 463 829 aiio
479 769 583 846 quavis
605 771 721 831 ratione
743 780 856 847 motus,
877 772 999 832 onrnino
1020 782 1186 844 recusaret,

151 872 228 933 nihil
250 872 331 958 apud
353 890 423 932 eum
446 869 652 948 Lugdunensis
666 871 907 951 archiepiscopus
923 871 1066 951 perficere
1083 872 1185 946 valuit,

150 974 220 1034 iicet
241 977 302 1032 lam
322 973 386 1050 ipse
404 989 494 1049 otram
517 972 607 1031 etiam
628 971 742 1051 legatus
763 972 845 1053 apud
865 973 970 1032 ducem
991 983 1021 1033 et
1039 975 1184 1034 excelsam

151 1071 300 1132 ducissam
316 1072 380 1149 ejus
396 1062 520 1132 matrem
543 1071 643 1132 multis
658 1092 750 1151 snper
764 1073 820 1134 boo
835 1056 1069 1134 exortationibus
1085 1083 1114 1132 et
1130 1074 1185 1150 piis

152 1174 295 1253 precibus
309 1174 497 1234 institissent.
508 1159 510 1164 ⁸

195 1275 269 1334 Cum
285 1291 390 1334 rursus
411 1273 449 1332 ad
469 1293 531 1333 rem
549 1275 738 1335 Leodiensem
756 1295 854 1338 sermo
871 1277 1007 1338 rediisset
1022 1285 1050 1336 et
1072 1277 1186 1355 legatus
1198 1284 1287 1331 Rursus
1322 1287 1443 1328 tractatum

152 1376 227 1454 quid
238 1395 331 1455 super
342 1377 399 1436 iilis
411 1376 472 1436 dux
484 1374 663 1436 decrevisset
678 1377 825 1439 instanter
842 1388 1005 1456 expeteret,
1019 1386 1136 1458 gratiam
1154 1389 1186 1438 ut
1226 1339 1443 1504 Egrfgpalsffndibbsd

153 1478 1185 1558 pollicitusiueratresponsumexpectans‚iterum«confirmationem
1227 1457 1443 1563 cffi¹¹8¹isse¹³⁸⁰¹⁰⁰¹¹‘

154 1580 291 1659 priorum
307 1587 487 1638 tractatuum
505 1579 680 1657 simpliciter
696 1589 729 1641 ut
740 1582 858 1642 stabant
870 1583 1042 1642 universum
1055 1582 1118 1642 iero
1129 1581 1186 1640 dtr·

154 1683 198 1741 cis
212 1680 367 1741 consitium
383 1688 413 1738 et
427 1679 548 1739 denium
560 1679 623 1739 dux
636 1680 698 1757 ipse
711 1683 907 1760 personaliter
921 1702 936 1742 a
951 1685 1047 1762 legato
1058 1701 1187 1743 sommo·

155 1800 229 1860 pere
239 1780 435 1858 expectabant
445 1779 497 1858 (5),
512 1780 585 1840 nihii
599 1781 627 1840 in
641 1781 687 1841 his
702 1785 826 1842 Ecclesie
834 1783 954 1861 juribus
966 1785 1123 1844 adversum
1137 1796 1187 1844 arrt

156 1882 366 1959 dampnosum,
382 1881 434 1940 sed
450 1882 523 1940 utiie
538 1892 568 1940 et
584 1882 747 1960 propitium
770 1903 833 1942 osso
856 1883 982 1944 firmiter
1000 1893 1188 1957 attestantem

157 1996 188 2046 et
200 1984 293 2059 siqua
310 1983 339 2042 in
357 1983 402 2042 bis
417 1984 592 2043 inmutanda
608 1993 718 2060 essent,
733 1985 925 2045 inhonestum
939 1985 1003 2045 iore
1016 1985 1081 2045 duci
1094 1993 1124 2044 et
1135 2005 1189 2046 suo

158 2084 282 2144 consitio
297 2083 409 2160 aliquid
428 2084 593 2156 inmutare,
607 2085 699 2144 altera
714 2094 797 2165 parte
813 2089 896 2164 etrjus
912 2087 1037 2146 interest
1051 2085 1188 2162 absente,

158 2203 227 2244 eum
257 2203 290 2243 ea
315 2195 394 2263 gesta
421 2195 520 2244 essent
546 2183 654 2256 Leodii‚
681 2195 820 2264 presente
846 2187 983 2263 episeopo
1011 2197 1041 2246 et
1065 2188 1190 2248 Eoeiesie

159 2286 294 2366 patribus
306 2293 336 2343 et
347 2284 436 2342 totins
450 2285 544 2362 patrie
562 2284 687 2344 statibus
704 2293 737 2343 ut
750 2285 841 2345 moris
854 2297 906 2360 est,
921 2305 975 2345 nee
988 2305 1073 2366 posse
1085 2289 1189 2348 ducem

159 2387 230 2464 ipsis
250 2385 421 2444 absentibus
448 2403 515 2443 eum
542 2404 596 2444 suo
611 2385 725 2444 honore
741 2385 854 2464 aliquid
871 2381 1014 2446 innovare
1029 2413 1055 2449 ».
1073 2389 1116 2449 Ad
1136 2389 1191 2448 bec

158 2489 282 2564 legatus.
299 2484 402 2544 eadem
421 2484 517 2544 fretos
532 2485 657 2560 ratione,
673 2486 828 2563 respondit
848 2511 860 2540 ι
877 2506 909 2547 se
924 2507 990 2546 cum
1007 2507 1061 2547 suo
1077 2489 1191 2548 honore

64 2611 67 2613 ·
160 2604 220 2648 non
235 2604 321 2662 posse
330 2585 498 2664 approbare
511 2588 557 2645 vel
569 2585 748 2646 confirmare
760 2587 808 2646 ilia
819 2605 877 2664 que
889 2589 1030 2648 conmuni
1043 2608 1189 2648 consensu

159 2697 222 2747 aeta
245 2695 354 2760 essent,
381 2704 440 2745 rino
466 2696 578 2745 tantum
606 2685 864 2747 confirmationem
884 2700 1013 2767 petente,
1034 2689 1098 2748 aliis
1119 2709 1190 2750 vero

160 2787 327 2849 tacentibus
342 2797 393 2847 aut
408 2788 531 2847 omnino
547 2798 580 2846 ut
595 2789 700 2848 melios
712 2798 837 2867 possunt
849 2790 1094 2862 reclama'ntibus3
1111 2791 1191 2867 quui
1236 2818 1238 2822 ·

160 2891 183 2950 si
195 2889 352 2967 episcopus
363 2900 391 2948 et
405 2889 532 2948 Ecclesia
546 2901 644 2968 patres
658 2909 794 2949 unacum
808 2890 903 2967 patrie
914 2892 1191 2964 statibus‚utmoris

160 3001 215 3064 est,
228 2989 304 3048 bane
319 2988 576 3050 confirmationem
590 2990 744 3068 petiisSent
758 3000 809 3050 atri
824 3002 960 3069 peterent
972 3002 1002 3052 et
1010 2991 1080 3068 jore
1088 2992 1192 3069 juran-

91 3152 93 3156 .
159 3093 201 3152 do
210 3091 367 3152 firmarent
378 3111 410 3150 ea
422 3091 590 3151 conducere
601 3091 636 3150 ad
649 3093 776 3152 Ecclesia
791 3103 900 3154 statum
914 3101 944 3152 et
956 3111 1014 3154 non
1027 3095 1190 3170 dampnosa

159 3193 288 3254 existere
299 3193 350 3252 sed
364 3193 455 3265 utilia,
464 3211 495 3251 se
504 3193 759 3253 confirmationem
773 3193 1191 3272 minimenegnturumimmo

162 3306 300 3375 prompto
310 3292 410 3354 animo
421 3305 450 3354 et
463 3294 558 3370 hylari
570 3295 660 3355 cordo
671 3296 852 3355 exibiturnm
866 3296 1051 3374 simpliciter,
1061 3295 1140 3354 nulla
1149 3295 1192 3353 in·

162 3397 327 3465 mutatione
336 3395 365 3454 in
375 3394 421 3454 his
432 3394 504 3454 saeta
514 3419 542 3454 ι.
558 3395 741 3473 Approbavit
753 3394 829 3455 illico
841 3396 903 3455 dux
914 3395 1001 3473 legati
1014 3411 1192 3472 responsum

194 3692 229 3754 (t)
248 3691 297 3740 Sur
313 3703 355 3740 ees
371 3690 438 3749 tates,
453 3691 583 3740 consuitez
602 3705 632 3739 ns
651 3692 776 3745 bonanae.
796 3690 908 3740 Histoire
923 3690 969 3740 des
984 3690 1048 3740 duce
1064 3691 1095 3739 de
1107 3687 1195 3738 Boar-

162 3789 253 3840 9opne,
267 3775 328 3826 edit.
341 3776 373 3825 de
385 3776 416 3825 bi.
430 3775 552 3834 Gaebard
566 3783 583 3824 t.
595 3775 625 3840 ΙΙ,
639 3780 677 3838 pp'.
691 3771 778 3826 aeder
790 3777 854 3828 suiv.

196 3861 231 3923 (Ξ)
250 3862 320 3912 bisen
332 3876 379 3912 sue

195 3951 230 4013 (b)
251 3950 322 4000 bisen
332 3950 513 4016 aspectabant.
