3088 4926
585 421 711 518 (⁶1)

131 562 214 620 bono
229 561 308 639 pacis
323 577 413 634 quam
428 577 585 634 sumopere
600 558 764 634 affectabat,
780 562 895 623 honore
910 583 964 624 suo
983 567 1063 626 salto
1080 589 1107 625 a.
1125 567 1167 625 Ad

131 663 189 723 hec
208 661 311 722 dixere
330 682 347 717 u
370 677 429 718 non
446 678 508 719 esse
527 679 558 719 sc
572 680 659 720 ausos
678 680 858 742 responsum
874 666 946 725 darc
966 667 1030 725 sine
1045 687 1165 727 assensu

131 763 251 842 populi3
264 761 314 838 qui
322 761 346 819 si
354 769 569 819 convocaretur
578 761 608 820 in
622 761 687 821 loro
699 763 791 822 etheo
802 764 920 841 publice
929 766 1102 827 dicerentur
1113 788 1167 847 per

131 865 280 943 legatum,
296 878 418 940 sperare
432 878 464 919 se
479 859 563 918 facile
582 861 624 920 cis
644 881 859 940 persuasurum
875 866 972 924 omnia
989 887 1047 943 que
1062 869 1166 943 vellct;

132 965 185 1024 sed
203 982 257 1043 pro
273 981 353 1022 nunc
369 980 428 1020 non
445 980 510 1023 esse
524 970 620 1022 tutum
635 983 803 1024 sermonem
824 966 921 1029 facere
936 969 973 1027 de
987 968 1167 1048 Burgundis‚

132 1063 237 1126 sedda
256 1065 318 1122 solo
333 1063 484 1140 episcopm
498 1062 573 1121 illud
587 1072 686 1123 autem
703 1077 802 1143 postea
819 1065 885 1126 fieri
900 1085 987 1145 posse
1003 1090 1029 1126 a.

174 1167 217 1225 De
232 1164 355 1223 oonsilio
371 1164 461 1242 igitur
478 1163 587 1223 horum
604 1165 756 1224 seniorum
778 1167 889 1227 civium
905 1180 934 1227 et
954 1166 1165 1229 canonicorum

130 1265 268 1325 omnium
284 1265 474 1324 ecclesiarum
490 1265 541 1341 qui
557 1265 719 1325 incivitate
735 1277 820 1327 erant
839 1278 868 1325 et
883 1267 1009 1326 aliorum
1025 1267 1166 1327 abbatum

131 1375 161 1425 ct
178 1365 360 1443 prelatorum
377 1377 406 1424 et
421 1364 570 1424 bonorum
584 1365 803 1442 religiosorum,
817 1366 926 1426 indicta
939 1379 982 1426 est
995 1369 1166 1427 convocatio

131 1466 236 1546 populi
251 1467 288 1526 de
302 1483 388 1525 mane
404 1468 435 1524 in
454 1465 550 1545 platea
572 1477 641 1526 aute
661 1467 814 1527 ecclesiam
834 1468 1095 1528 Sancti-Lamberti
1108 1471 1166 1548 (l);

129 1567 240 1645 quibus
264 1569 294 1627 in
319 1567 446 1626 maxima
473 1567 665 1627 multitudine
694 1569 960 1644 convenientibus,
989 1570 1079 1646 pleno
1104 1571 1166 1647 jam

131 1670 207 1742 foro,
222 1651 408 1746 legatusuna
420 1687 489 1727 cum
501 1669 651 1729 canonicis
663 1669 776 1728 indutis
791 1670 924 1728 vestibus
938 1671 1027 1730 sacris
1040 1670 1125 1730 lincis
1138 1680 1168 1729 ct

128 1771 194 1830 aliis
205 1769 328 1848 prelatis
340 1780 369 1829 ct
381 1769 526 1848 religiosis
537 1769 674 1842 civitatis,
683 1773 713 1827 in
727 1770 877 1846 quandam
891 1769 1012 1829 domum
1025 1771 1055 1828 in
1069 1771 1165 1831 medio

129 1873 189 1932 lori
204 1869 338 1931 ascendit
353 1881 382 1930 ct
396 1889 450 1948 per
462 1871 607 1931 fenestras
623 1870 696 1946 ejus,
713 1889 768 1948 per
783 1889 928 1948 organum
944 1873 1024 1930 vocis
1040 1889 1166 1930 venera-

130 1973 198 2052 hilis
214 1975 244 2031 in
258 1992 339 2032 sacra
352 1971 496 2050 theologia
510 1973 642 2050 magistri
655 1972 788 2043 Roberti,
803 1970 916 2031 ordinis
927 1972 1164 2045 Corneliorum,

129 2075 195 2134 veri
209 2073 274 2151 ejus
289 2073 472 2149 interpretis,
495 2072 526 2131 in
545 2071 623 2131 hanc
638 2073 818 2132 sententiam
841 2091 927 2132 orsus
943 2086 1000 2146 cst,
1017 2073 1081 2131 lieet
1098 2072 1165 2131 lon-

128 2177 205 2254 giori
229 2193 366 2235 sermone
391 2175 486 2252 legato
511 2175 542 2232 in
567 2193 654 2233 aures
681 2175 744 2252 ejus
766 2173 856 2233 verba
881 2173 1041 2247 inferente,
1065 2193 1164 2234 coram

130 2277 272 2336 universo
288 2275 417 2354 populo:

158 2377 189 2436 'a
204 2378 323 2438 Nobiles
339 2388 368 2437 et
382 2376 572 2437 honorabiles
587 2377 654 2451 viri,
670 2377 779 2436 iratres
796 2389 825 2436 et
837 2376 901 2436 filii.
912 2376 1025 2434 Videtis
1038 2385 1164 2452 quantos
1180 2389 1253 2436 veroa
1291 2390 1359 2450 togati
1395 2390 1424 2436 ad
1480 2443 1482 2452 Ι

129 2503 147 2537 ))
163 2480 280 2540 labores
297 2491 326 2539 et
338 2498 423 2538 curas
435 2478 590 2537 continuas
605 2478 756 2538 substinet.
767 2479 815 2538 hic
828 2490 914 2555 pater
924 2478 1048 2556 legatus,
1060 2496 1165 2555 perso·
1244 2447 1359 2506 poputum.

130 2606 147 2640 n
164 2601 233 2642 nam
255 2582 363 2641 summi
386 2579 534 2658 pontificis
553 2592 778 2655 representem,
799 2597 854 2657 pro
869 2580 963 2638 salute
980 2585 1092 2648 vestra,
1109 2596 1164 2656 pro

129 2708 147 2742 a
164 2703 234 2763 pace
249 2693 278 2742 et
293 2683 518 2742 conservatione
534 2681 624 2758 hujus
639 2681 766 2740 civitatis
780 2692 809 2740 et
820 2680 938 2759 patrioe3
950 2678 1163 2756 amplectimini

69 2795 71 2798 '
129 2807 147 2842 a
163 2783 284 2844 consilia
300 2781 362 2859 ejus
378 2781 520 2855 salubria,
541 2781 617 2860 agite
640 2767 878 2856 liberaliterque
893 2771 1049 2857 episcopus
1065 2787 1164 2837 vestcr

130 2908 147 2942 >›
163 2883 290 2960 requirit
306 2901 360 2961 pro
375 2882 491 2942 honore
506 2900 558 2941 suo
574 2890 605 2939 ct
615 2880 694 2957 justa
707 2899 806 2952 causa,
821 2899 858 2938 ne
874 2879 1021 2938 deteriora
1033 2897 1164 2954 sequan-

130 3009 147 3042 »
163 2994 228 3056 tur3
245 2984 370 3061 cogitate
385 2991 497 3062 strages
513 2983 671 3058 preteritas
686 3000 758 3058 quas
773 2981 851 3059 passi
861 2980 932 3039 estis
944 2979 1044 3056 paucis
1057 2979 1164 3054 elapsis

129 3109 146 3144 a
164 3085 329 3154 mensibus,
346 3083 492 3142 stantibus
515 3084 609 3142 muris
631 3083 757 3141 civitatis
780 3094 807 3141 et
830 3081 988 3160 opidorum
1008 3091 1038 3140 et
1059 3080 1164 3157 majori

128 3210 146 3244 a
162 3185 266 3264 populi
279 3182 455 3243 fortitudine
467 3192 496 3241 et
508 3183 702 3242 multitudine
711 3162 722 3255 3⁸
732 3183 823 3242 nolite
835 3201 917 3240 nunc
929 3181 995 3241 fieri
1007 3191 1163 3240 contuma-

129 3310 147 3345 n
163 3307 221 3356 ces,
234 3287 347 3346 reducti
359 3284 395 3343 ad
408 3287 585 3362 paucitatem
598 3296 626 3343 ct
638 3286 733 3343 muris
745 3283 877 3360 dejectis,
886 3293 924 3353 et,
940 3281 1020 3357 quod
1031 3281 1163 3341 deterius

130 3412 148 3447 a
164 3401 222 3459 est,
248 3389 325 3448 inter
349 3407 401 3447 vos
423 3387 527 3460 divisi3
550 3385 642 3446 nolite
663 3403 824 3464 provocare
846 3364 988 3443 adrersus
1011 3365 1065 3442 vos
1090 3384 1164 3441 iram

131 3489 335 3568 »principum
358 3489 541 3560 vicinorum,
564 3487 673 3563 quibus
694 3504 754 3544 non
777 3485 898 3562 potestis
919 3482 1163 3556 1·esistere‚·lacti

130 3614 149 3649 n
160 3591 222 3668 jam
238 3590 396 3649 debiliores
403 3609 411 3663 ;
427 3588 592 3647 cavendum
605 3587 688 3646 vobis
705 3597 748 3647 cst
764 3606 801 3645 nc
816 3586 892 3645 lianc
908 3586 1039 3644 inclitam
1060 3585 1163 3642 civita·

129 3713 148 3749 a
165 3702 222 3751 tom
233 3691 348 3769 ponatis
362 3690 391 3747 in
406 3699 581 3767 perpetuam
592 3689 708 3746 ruinam
721 3699 751 3746 et
761 3687 988 3756 desolationcm;
1003 3707 1020 3742 >t
1031 3685 1161 3744 ctmulto

164 3913 199 3979 (l)
217 3915 385 3966 C'est-d-dire
395 3931 401 3964 ;
413 3929 457 3964 sur
470 3915 492 3964 le
507 3914 614 3963 nareae.
