3126 4906
786 427 939 521 (ton)

270 563 275 570 ’
348 591 486 634 »secum
509 589 556 630 me
581 567 751 630 desiderare
777 566 887 626 hahere
911 567 1123 644 conloquium
1141 568 1281 646 polliceor
1295 581 1377 631 certo

348 699 367 732 n
387 693 435 735 me
449 674 573 742 iturum,
589 667 700 730 nedum
715 687 752 728 ex
767 667 822 728 hoc
838 668 913 740 loco,
927 667 979 728 sed
994 666 1117 729 etiamsi
1133 669 1163 728 iu
1177 669 1258 730 ltalia
1270 689 1377 745 essem,

349 799 367 833 n
389 792 482 852 usque
496 770 618 849 Brugis;
634 769 687 828 huc
708 769 787 828 enim
814 779 915 836 tuente
937 779 967 828 et
985 769 1133 829 sententie
1155 769 1303 830 civitatem
1319 772 1380 830 exi-

349 899 367 933 »
392 875 489 934 vimus
515 880 549 932 ut
566 870 633 948 ejus
653 868 833 947 presentium
854 867 1015 940 adiremus,
1037 887 1091 927 nec
1111 877 1191 929 recte
1213 871 1299 949 agitis
1321 871 1378 932 hoc

349 1000 367 1035 n
388 975 543 1056 impedire.
559 975 639 1031 litut
654 970 763 1030 clarius
778 970 955 1030 sententiam
971 970 1064 1029 enimi
1080 973 1138 1030 mei
1153 971 1291 1043 noscetis,
1306 973 1377 1032 siin

349 1103 367 1137 n
388 1077 469 1138 ltnlie
485 1093 590 1148 essem,
602 1072 648 1132 his
664 1071 746 1130 venis
759 1070 845 1150 nugis
858 1081 960 1130 contro
973 1069 1117 1131 honorem
1129 1073 1289 1151 apostolice
1300 1073 1380 1133 sedis

349 1203 368 1238 »
389 1177 557 1248 intellectis,
578 1172 709 1235 redirem
733 1172 846 1248 utique,
873 1190 928 1233 nec
953 1175 1077 1232 Romam
1099 1180 1232 1250 peterem
1257 1174 1314 1233 nisi
1336 1175 1378 1234 eis

350 1301 367 1336 n
389 1276 530 1338 discussis
544 1284 574 1334 et
585 1273 638 1334 toti
652 1271 764 1332 mundo
777 1273 874 1349 pelam
886 1271 972 1332 editis
983 1273 1171 1351 vaniloquiis,
1183 1273 1380 1336 fraudibuset

351 1401 368 1436 n
390 1375 607 1457 proditionibus
619 1373 782 1432 multorum
799 1371 985 1450 perditorum
1001 1372 1167 1448 hominum,
1179 1393 1213 1433 uc
1225 1373 1265 1454 (1)
1278 1386 1378 1434 sancte

350 1503 368 1546 n
389 1477 575 1557 provisione,
603 1493 690 1545 cure,
716 1472 916 1533 sollicitudine
941 1464 1101 1553 apostolice
1126 1475 1205 1536 sedis
1232 1487 1262 1535 et
1287 1495 1379 1554 opere

351 1603 368 1636 n
390 1599 412 1640 s.
432 1579 461 1637 d.
480 1596 509 1638 n.
530 1595 606 1656 pepe
632 1585 662 1634 ct
685 1573 891 1633 ministrorum
917 1592 1052 1646 suorum,
1071 1593 1202 1651 quorum
1224 1595 1303 1638 unus
1325 1598 1380 1657 ego

351 1703 370 1737 n
391 1679 532 1739 minimus
544 1686 574 1738 et
583 1675 724 1756 indiguus
736 1693 812 1734 sum.
826 1695 843 1732 >r
856 1675 906 1734 liis
919 1675 1014 1748 dictis,
1025 1677 1165 1756 quonism
1180 1680 1381 1753 marescallus,

353 1782 485 1861 Filippus
504 1779 599 1840 etalii
621 1778 711 1839 duces
733 1777 879 1837 exercitus
899 1775 986 1856 (quos
1008 1796 1099 1857 supra
1119 1779 1205 1840 nobis
1223 1798 1381 1842 occurrere

354 1881 494 1962 diximus)
504 1880 566 1958 jem
581 1878 708 1958 proximi
723 1876 809 1936 nobis
824 1885 920 1948 erent,
941 1877 1098 1957 episcopus
1118 1879 1155 1938 od
1177 1898 1227 1939 cos
1248 1881 1381 1940 salutau-

356 1984 408 2045 dos
428 1981 558 2055 accessit,
572 1999 603 2040 se
617 1980 716 2041 stetim
738 1978 907 2039 rediturum
928 1998 1064 2040 asserens
1086 1980 1122 2039 sd
1145 1980 1310 2058 proximem
1325 1981 1382 2040 vil-

356 2087 412 2144 lam
434 2100 526 2159 super
548 2081 627 2153 Hier,
649 2080 678 2139 id
700 2090 744 2139 est
766 2081 929 2158 Hyecorsm
949 2079 994 2157 (2)
1015 2077 1143 2154 flumen,
1165 2097 1254 2156 quam
1275 2093 1383 2141 vocent

357 2187 433 2261 Loye
447 2181 488 2263 (ὅ)
502 2182 572 2240 clins
595 2180 716 2252 Rivech‚
733 2180 784 2240 ubi
800 2182 898 2258 Argue
913 2199 982 2240 cum
996 2181 1057 2240 suis
1072 2191 1295 2242 castrametatus
1308 2192 1382 2242 erat.

393 2286 458 2359 Quo
473 2284 602 2344 abeunte
623 2293 653 2342 et
672 2301 739 2342 cum
759 2282 806 2342 his
826 2281 950 2342 ducibus
963 2283 1172 2360 conloquente,
1187 2283 1299 2363 legatus
1313 2301 1383 2344 cum

355 2389 452 2465 ¹lrpue
465 2396 495 2445 et
508 2384 648 2448 omnibus
663 2385 723 2445 suis
739 2384 775 2444 ad
790 2383 890 2443 villam
903 2386 980 2463 Loye
993 2385 1083 2456 venit,
1095 2385 1236 2445 irentinus
1248 2385 1289 2464 (4)
1301 2385 1382 2445 mille

356 2506 458 2567 pessus
476 2486 651 2558 distentem3
666 2484 702 2544 sd
718 2504 809 2563 quem
824 2485 914 2546 etiem
928 2503 1016 2564 agaso
1029 2504 1099 2545 eum
1113 2485 1178 2546 eliis
1191 2487 1279 2565 legati
1294 2486 1382 2546 ictui·

355 2588 477 2653 liaribus
488 2588 539 2666 qui
550 2589 580 2648 in
591 2586 763 2648 villoEloch
775 2587 816 2668 (ὅ)
827 2587 919 2681 (unde
929 2585 1115 2666 discesserat)
1124 2587 1238 2648 detenti
1253 2587 1384 2659 suerent,
1397 2593 1400 2595 ’

385 2871 423 2936 (l)
441 2869 459 2918 lt
471 2870 568 2920 semble
579 2870 640 2933 qu'il
653 2885 669 2934 y
681 2883 695 2920 a
707 2870 739 2920 ici
752 2883 802 2920 une
813 2870 902 2920 lacune
913 2870 974 2920 d'uu
985 2847 1019 2920 ou
1030 2869 1062 2920 de
1074 2869 1201 2933 plusieurs
1211 2874 1284 2920 mots.

387 2956 423 3021 (2)
441 2958 475 3008 Le
486 2958 550 3008 Geer
561 2970 594 3007 ou
606 2957 664 3006 taor
676 2957 718 3020 (eu
730 2956 791 3006 latin
803 2955 916 3019 decora).

387 3044 425 3108 (5)
440 3044 505 3094 e’est
520 3044 712 3107 probablement
728 3042 852 3106 Loweige,
870 3055 914 3093 sur
924 3042 948 3092 le
960 3042 1032 3093 Geor.
1045 3042 1107 3092 Mais
1120 3041 1240 3092 Onufrius
1250 3042 1305 3092 doit
1316 3041 1381 3092 faire

355 3129 486 3180 conlusion
505 3129 619 3192 lorsqu'il
638 3127 723 3191 ajoute
736 3142 742 3178 :
755 3129 826 3179 olias
847 3126 948 3180 llioecit.
968 3129 1005 3178 Eu
1022 3141 1086 3180 nous
1102 3133 1248 3191 rapportant
1265 3140 1297 3178 su
1313 3135 1382 3178 texte

355 3216 451 3265 d'dsss
469 3227 499 3263 ne
517 3214 637 3280 virenon,
654 3215 699 3264 col.
724 3215 796 3279 teos,
808 3220 874 3264 cette
884 3214 999 3266 dernidre
1008 3212 1105 3266 incolite
1117 3214 1171 3265 doit
1181 3213 1235 3264 stre
1246 3213 1381 3275 llemexhe,

356 3302 409 3364 uui,
426 3301 461 3351 du
477 3307 554 3359 reste,
572 3315 603 3351 ne
620 3314 647 3352 se
663 3307 754 3352 trouve
768 3315 812 3364 pas
828 3301 880 3351 loiu
897 3302 929 3352 de
946 3301 1069 3366 Lowsige
1079 3302 1142 3351 meis
1155 3313 1203 3350 non
1216 3314 1260 3351 sur
1272 3300 1296 3351 le
1309 3301 1382 3351 Geer.

356 3388 424 3439 voici
436 3388 461 3438 le
472 3400 577 3452 passage
589 3387 685 3438 d’dnsu
698 3401 729 3437 nn
741 3387 851 3438 Vrrsnnn
863 3400 869 3436 :

583 3540 624 3586 det
634 3540 705 3598 Argos
715 3539 801 3585 Jecorae
812 3538 912 3598 legatum
923 3537 952 3584 ed
963 3537 1057 3583 flumine
1070 3537 1133 3583 ducit

583 3619 718 3666 Kinecelam
728 3625 751 3665 et
760 3619 837 3666 villum
849 3618 948 3676 dietsm3
961 3617 1058 3664 tentorio
1069 3616 1169 3663 habebut

582 3697 652 3744 Juxta
662 3696 745 3756 ipsum,
757 3703 801 3743 etc.

388 3845 425 3910 (l)
443 3847 512 3895 tisez
526 3844 656 3896 Lentino?
673 3847 705 3896 Le
717 3851 820 3896 molest
831 3845 950 3896 douteux.

388 3931 425 3994 (5)
441 3930 529 3982 Othee.
542 3930 578 3982 Cf.
589 3931 714 3982 ci-dessus
727 3944 790 3996 pege
801 3931 841 3981 27.
