3088 4926
612 455 769 552 (aaa)

175 599 324 678 prostrati,
340 598 395 676 piis
411 596 488 658 votis
498 605 528 657 et
539 596 830 670 orationrlrusaditis,
844 617 980 676 magnam
990 597 1080 660 ilcbili
1094 601 1204 679 populo

172 700 275 760 actulit
293 717 376 778 spem
401 699 512 774 salutis.
536 701 568 758 ln
590 697 654 775 ejus
675 698 768 758 turris
794 699 935 760 sumitate
954 700 1124 762 miserabile
1137 701 1202 761 visu

171 813 245 874 erat,
255 809 284 861 et
295 819 376 860 nune
386 811 431 860 est
441 800 519 860 dictu
529 799 646 860 :videre
658 799 823 878 fugientem
838 802 994 880 populum,
1004 803 1053 862 alii
1064 802 1101 863 ad
1113 803 1207 864 eccle·

172 903 238 974 sias,
259 901 308 961 alii
328 903 363 962 ad
388 903 498 962 insulas
517 903 596 960 llose
619 900 733 981 (plures
756 920 877 980 nanque
891 901 933 984 (l)
955 903 1033 964 inira
1053 904 1202 966 civitatem

172 1005 252 1064 lllosa
272 1003 366 1074 insula
382 1001 422 1082 (ᾖ)
437 1000 547 1081 efficit),
571 1021 663 1081 super
693 1001 816 1062 dorsum
845 1003 992 1082 impositis
1012 1007 1203 1083 suppellecti-

173 1103 228 1163 bus
243 1100 285 1184 (ὅ)
300 1103 392 1182 magis
407 1103 554 1180 pretiosis,
569 1102 795 1182 coniugiebant;
813 1104 958 1182 plerique,
974 1106 1100 1183 sumptis
1118 1107 1202 1166 navi-

170 1205 225 1285 giis
250 1222 308 1280 que
334 1205 443 1282 passim
468 1204 679 1276 occurrebant,
704 1215 787 1264 extra
813 1205 964 1266 civitatem
986 1216 1069 1266 trans
1091 1209 1200 1267 Mosam

171 1305 365 1384 navigabant;
380 1306 517 1366 nonnulli
527 1306 642 1383 equites
654 1316 683 1365 et
694 1306 782 1365 etiam
799 1304 915 1384 pedites
926 1325 958 1366 se
969 1307 999 1366 in
1014 1309 1122 1368 Mosam
1135 1326 1202 1385 pre-

172 1407 342 1485 cipitabant,
358 1424 418 1466 non
433 1424 517 1466 secus
532 1425 565 1466 ac
579 1407 604 1466 si
618 1407 744 1484 quisque
760 1406 875 1467 hostem
891 1416 959 1486 post
973 1416 1053 1488 terga
1073 1429 1199 1488 sequen-

172 1519 232 1568 tem
258 1519 408 1581 cerneret,
431 1507 512 1566 nullo
536 1518 633 1568 tamen
656 1507 872 1585 subsequentc3
895 1508 1075 1569 videbantur
1096 1528 1200 1570 omncs

171 1609 297 1669 civitatis
318 1610 374 1681 vic,
396 1609 473 1667 muri
496 1619 524 1668 et
546 1619 631 1686 porte
654 1609 771 1686 penitus
794 1608 1005 1670 defensoribus
1024 1629 1124 1684 vacue,
1144 1629 1199 1671 nec

171 1731 294 1773 cernere
319 1722 383 1771 erat
407 1711 463 1770 nisi
489 1711 654 1788 lugientes3
677 1710 820 1788 potuisset
843 1710 946 1788 utique
969 1712 1196 1790 Burgundorum

171 1813 318 1874 exercitus
333 1813 420 1890 plane
435 1822 464 1871 et
479 1810 573 1870 libere
585 1811 733 1886 civitatem
745 1811 872 1888 ingredi,
882 1810 1003 1869 neruine
1014 1810 1197 1873 obsistente:

171 1913 223 1974 scd
243 1932 298 1972 cur
320 1911 351 1971 id
371 1930 433 1970 non
451 1911 585 1982 iecerint,
604 1911 666 1971 sive
685 1928 788 1970 errore
807 1911 921 1989 decepti
935 1911 1014 1989 (cum
1036 1931 1069 1971 ca
1090 1929 1148 1989 que
1166 1914 1195 1973 in

170 2013 289 2075 civitate
303 2023 482 2092 gererentur
495 2011 666 2091 nescirent),
680 2011 741 2072 sive
756 2010 897 2088 prudenti
913 2011 1035 2071 consilio
1054 2032 1092 2071 ne
1112 2021 1198 2074 nocte

171 2091 401 2195 superveniente
413 2112 511 2172 minus
523 2129 667 2191 prospere
681 2111 757 2171 inira
773 2110 921 2171 civitatem
934 2122 1111 2190 pugnarent,
1126 2114 1196 2190 sive,

172 2227 207 2276 ut
219 2215 339 2293 quidam
355 2223 470 2292 putant,
486 2212 591 2272 exalia
607 2231 665 2290 que
679 2212 816 2288 sequitur
830 2230 916 2272 causa
933 2231 940 2271 :
956 2231 1024 2272 nam
1042 2214 1197 2294 quingenti

171 2314 378 2376 Leodiensiom
390 2313 515 2394 pedites,
526 2331 601 2390 quos
612 2313 641 2372 in
654 2313 722 2373 villa
732 2312 859 2373 Lantlrin
872 2327 1064 2392 congregatos
1078 2333 1198 2375 reman-

170 2417 243 2478 sisse
258 2414 595 2494 supramemoravimus,
609 2413 759 2474 obstinato
773 2415 873 2474 animo
888 2414 1057 2491 Burgundis
1078 2417 1198 2478 resiste-

171 2518 257 2588 baut;
273 2535 365 2594 quare
377 2534 436 2576 non
448 2515 618 2575 consultum
630 2514 727 2574 visum
740 2521 785 2588 est
796 2533 846 2574 eos
858 2525 926 2594 post
938 2524 1017 2595 terga
1028 2516 1198 2593 relinquere

171 2627 200 2680 et
215 2617 363 2678 civitatem
380 2634 566 2696 expugnare3
587 2613 624 2673 ad
644 2613 708 2674 illos
729 2614 821 2693 igitur
841 2614 1054 2692 opprimendos
1076 2618 1198 2694 reversi,

172 2717 297 2779 conficta
318 2715 378 2776 fide
400 2715 549 2792 aliquibus
569 2733 624 2792 pro
646 2712 740 2773 salute
755 2711 831 2788 data,
846 2713 968 2773 demum
989 2732 1061 2776 vero
1082 2715 1198 2787 violata,

171 2817 244 2900 ipsis
259 2816 372 2892 occisis,
388 2835 454 2876 oum
470 2815 579 2892 reliqui
593 2814 671 2875 inira
686 2813 823 2874 hedificia
844 2834 876 2876 se
898 2815 1087 2875 continerent
1107 2816 1197 2878 obsti·

171 2930 240 2981 nate
256 2929 432 2999 pugnantes,
447 2914 735 2977 incensishedificiis
757 2924 787 2975 ct
808 2915 974 2995 sagiptariis
992 2916 1103 2976 circum
1115 2916 1197 2994 jacu-

171 3020 311 3096 lantibus,
323 3037 426 3079 omnes
441 3017 488 3079 vel
502 3016 606 3097 gladiis
621 3015 708 3077 occisi
723 3016 768 3076 vel
784 3017 845 3094 igni
861 3016 1005 3094 assumpti
1022 3017 1062 3095 (l)
1077 3027 1156 3078 sunt.
1297 3079 1305 3098 ‚

211 3123 286 3182 Cum
300 3139 372 3182 vero
387 3119 548 3179 inclinante
556 3117 617 3196 jam
633 3117 681 3177 die
695 3118 809 3196 legatus
824 3127 854 3176 et
868 3118 1026 3196 episcopus
1040 3128 1197 3179 cern-erent
1306 3164 1309 3170 .

172 3241 209 3282 ex
223 3221 301 3281 turri
320 3220 496 3300 Burgundos
515 3210 713 3291 retrocedere,
735 3216 950 3278 descendentes
969 3235 1036 3277 cum
1058 3219 1197 3280 omnibus

170 3322 223 3400 qui
235 3339 335 3381 secum
349 3333 443 3393 erant,
455 3329 545 3379 totam
557 3328 675 3379 noctem
685 3319 794 3397 vigiliis
806 3328 1013 3396 consumptam
1021 3320 1198 3381 variisinter

171 3443 202 3486 se
212 3422 377 3500 conloquiis
385 3432 414 3481 et
422 3419 724 3500 consiliisagitabunt;
736 3438 803 3480 nam
815 3418 984 3480 firmissima
992 3421 1196 3482 eratomnium

202 3709 239 3773 (i)
259 3707 331 3757 lisez
342 3719 462 3772 nomque.

204 3793 239 3858 ti)
257 3795 328 3844 Liscz
339 3793 450 3843 insulas.

202 3881 240 3948 (5)
255 3881 329 3930 Lisez
339 3877 569 3944 suppellectilibus.

202 3966 240 4029 (l)
257 3967 329 4018 Lisez
340 3965 496 4030 consumpti.
