3126 4906
156 471 257 549 ipsum
272 469 443 546 interogans
458 467 599 546 quidnam
615 469 670 529 hoe
688 481 764 529 esset
779 481 830 530 ant
845 470 900 530 sibi
917 472 1006 531 vellet
1026 472 1117 551 hujus
1128 483 1189 534 tam
1214 500 1217 506 ¹

157 573 303 651 frequens
325 571 438 630 reditus
462 583 491 631 et
514 571 618 630 tacitas
637 589 751 644 sermm
772 571 810 630 ad
834 571 890 630 hee
911 572 1067 652 episcopus
1088 582 1189 634 mente

159 673 284 752 pavidus
299 691 307 732 ε
324 693 341 730 «
357 673 419 744 llic,
440 671 549 749 inquit,
570 691 585 730 a
608 671 682 732 duce
703 672 868 732 revertitur
888 680 918 732 et
939 673 1066 734 fideliter
1086 675 1189 734 retulit

160 797 179 831 a
201 793 258 851 que
274 773 330 833 sibi
345 775 416 833 dere
432 774 476 852 (l)
490 775 650 847 conmissa3
665 783 871 835 verumtamen
888 775 982 834 refert
996 777 1101 836 ducem
1120 795 1187 836 cum
1212 839 1213 842 ,

158 897 179 931 ›>.
201 892 269 953 rege
281 873 344 932 iore
355 873 688 951 concordem,ipsosque
699 874 790 935 simul
799 874 836 940 ad
850 873 1048 952 perditionem
1061 877 1188 938 civitatis

158 995 176 1030 n
199 974 301 1032 venire
315 981 346 1032 et
359 975 390 1032 in
405 973 541 1052 proximo
556 991 636 1046 esse;
653 992 686 1032 ac
701 974 776 1033 male
788 991 852 1036 esse
864 985 1039 1036 contentum
1052 976 1088 1037 de
1100 966 1186 1038 nobis
1242 1011 1243 1016 κ

158 1095 177 1128 »
199 1073 324 1144 duobus,
340 1074 419 1150 quod
434 1091 551 1134 catrsam
565 1074 689 1133 insultci
704 1075 869 1154 Tongrensi
884 1074 1058 1136 dederimus
1073 1088 1101 1138 et
1117 1096 1187 1137 nos-

158 1196 177 1230 »
200 1185 244 1234 tra
254 1175 337 1233 illum
350 1192 440 1252 opera
453 1173 541 1234 luisse
554 1173 674 1249 lactum,
686 1193 740 1234 neo
753 1176 884 1254 potuisse
895 1176 951 1235 sibi
965 1176 1053 1237 aliter
1065 1197 1187 1257 persua-

157 1296 176 1330 »
198 1275 263 1334 deri
276 1293 330 1352 per
341 1293 409 1334 eum
422 1274 468 1334 vel
479 1275 550 1334 alios
562 1293 616 1334 nec
627 1275 737 1336 lictoris
752 1275 939 1350 Umbennum,
954 1278 1005 1354 qui
1020 1277 1065 1336 rei
1079 1258 1188 1338 seriem

157 1397 176 1431 n
197 1373 326 1435 fideliter
339 1377 491 1455 scripserit
506 1397 533 1436 n.
548 1377 629 1435 Circa
646 1375 700 1435 bec
714 1375 792 1435 dicta
809 1388 880 1437 sunt
894 1385 1000 1436 mutuo
1021 1395 1079 1454 que
1099 1397 1188 1457 expe-

155 1476 288 1550 diebant,
303 1495 370 1536 cum
388 1477 442 1553 ipsi
457 1477 517 1536 duo
532 1479 644 1555 legatus
659 1489 687 1536 et
701 1478 861 1557 episcopus
873 1497 936 1538 rem
948 1488 1060 1556 gestam
1076 1479 1189 1557 optime

156 1585 296 1650 nossent;
310 1597 343 1636 ac
357 1578 505 1654 reliquum
522 1579 615 1637 noctis
630 1577 738 1656 vigiliis
750 1587 780 1636 et
791 1577 955 1655 conloquiis
968 1589 1188 1658 transegerunt.

196 1679 320 1738 Summo
333 1679 472 1748 diluculo,
488 1697 556 1738 cum
577 1679 690 1758 legatus
708 1690 739 1738 et
754 1677 912 1757 episcopus
928 1678 1038 1738 divinis
1052 1679 1188 1740 lectioni-

155 1777 211 1837 bus
245 1779 441 1857 perhorandis
475 1779 582 1838 intenti
621 1787 738 1850 essent,
764 1779 919 1857 numptius
947 1779 984 1838 ad
1014 1779 1194 1857 episcopum¹

153 1882 306 1960 ingressus
322 1890 366 1939 est
379 1873 513 1940 reserens
527 1879 681 1939 dominum
873 1877 914 1960 (2)
929 1878 966 1937 de
981 1878 1083 1957 Argui,
1094 1897 1187 1958 nepo-

153 1989 215 2040 tem
236 1999 272 2039 ex
293 1997 395 2040 sorore
420 1980 502 2039 ducis
528 1979 669 2040 Brittania
694 1987 725 2038 et
749 1977 845 2038 filium
864 1979 1007 2058 principis
1029 1997 1082 2038 seu
1104 1979 1187 2038 ducis

155 2082 278 2141 Auraice
289 2079 331 2162 (ὅ)
342 2101 375 2141 nc
384 2083 483 2141 virum
495 2083 606 2154 sororis
618 2082 748 2159 episcopi
761 2080 940 2154 leodiensis,
955 2091 1024 2140 ante
1039 2080 1118 2140 sores
1133 2080 1186 2140 do-

154 2201 222 2242 mus
236 2201 301 2242 cum
318 2183 378 2244 scis
393 2183 513 2242 armatis
528 2180 769 2242 conmilitonibus
781 2199 845 2240 esse
858 2201 864 2238 ε
878 2181 914 2240 ad
926 2199 1016 2256 quem
1029 2180 1186 2260 episcopus

154 2285 280 2360 festinos
306 2285 420 2355 exiens,
445 2302 556 2362 equum
580 2282 635 2342 sibi
661 2282 767 2342 adduci
791 2281 881 2358 jussit
905 2301 938 2340 ac
962 2281 1060 2340 statim
1086 2281 1185 2359 ipsum

155 2385 324 2458 ascendens,
339 2385 491 2463 paululum
503 2384 591 2442 simul
603 2383 765 2458 conloquti,
780 2383 876 2459 legato
890 2381 947 2440 dici
963 2380 1032 2440 lecit
1049 2391 1082 2439 ut
1095 2380 1185 2440 otiam

153 2485 217 2562 ipse
229 2484 365 2543 celeriter
375 2484 522 2560 equitaret
532 2483 673 2560 quoniam
687 2482 773 2542 multi
786 2480 900 2540 domini
914 2481 1057 2558 principis
1072 2481 1184 2558 exerci-

154 2597 203 2644 tus
214 2583 330 2643 obviam
342 2585 495 2642 venientes
511 2584 671 2660 propinqui
686 2591 794 2652 essent,
809 2582 889 2640 inter
905 2599 978 2658 ques
994 2580 1184 2642 marescallus
1283 2586 1284 2592 ’

154 2682 325 2764 Burgundie
340 2694 370 2742 et
384 2683 521 2742 dominus
531 2683 567 2742 de
579 2685 786 2742 Monte-dcuto
797 2679 848 2762 (b),
860 2682 955 2740 irater
964 2681 1039 2760 ejus,
1051 2681 1183 2761 Filippus

189 3043 224 3107 (1)
241 3043 313 3094 Lisez
325 3045 407 3106 [aare

186 3130 222 3194 (2)
240 3131 285 3180 Get
295 3143 385 3193 espace
397 3129 478 3189 blanc,
488 3129 677 3191 probabtemeut
688 3127 789 3178 reserva
800 3140 832 3178 au
845 3125 949 3190 pronam
959 3126 1095 3190 d'lrgeuil,
1103 3129 1184 3178 existe

154 3219 217 3269 dans
232 3217 256 3267 le
272 3218 417 3268 manuscrit.
430 3216 533 3280 Argeuil
550 3223 588 3266 est
604 3231 637 3266 an
655 3216 742 3278 village
754 3216 789 3265 du
803 3215 977 3278 departemeut
990 3215 1026 3264 du
1038 3213 1131 3278 Doubs,
1143 3214 1184 3266 bt

154 3315 188 3354 ou
204 3303 220 3353 5
235 3302 380 3352 litlometres
391 3301 461 3351 s.-0.
473 3300 504 3350 de
517 3301 650 3363 Besanqon.
664 3301 683 3350 ll
695 3301 769 3364 s'agit
785 3299 817 3350 ici
833 3300 865 3350 de
879 3301 941 3350 lenc
957 3299 989 3349 de
1005 3297 1122 3360 cutiens,
1134 3299 1185 3350 sire

154 3391 290 3458 d'lrgeuil,
302 3391 341 3442 t'ds
353 3392 384 3441 de
396 3390 537 3440 Guiltaume
546 3389 601 3439 viu
610 3389 765 3448 delibemus,
774 3388 861 3451 prince
870 3387 1005 3452 d'Orange,
1014 3395 1040 3437 et
1049 3389 1081 3438 de
1090 3388 1185 3438 Cathe-

153 3478 208 3527 rine
218 3478 250 3527 de
263 3478 393 3539 Bretagne.
406 3475 425 3525 ll
437 3475 531 3539 e'pousa
542 3476 584 3538 (en
596 3475 735 3538 premieres
747 3480 833 3538 noces)
845 3474 940 3523 leenae
952 3473 985 3521 de
999 3473 1122 3532 Bombos,
1134 3472 1185 3523 fille

153 3563 187 3614 du
205 3562 254 3612 dac
269 3562 371 3613 Charles
383 3561 424 3628 1²¹,
435 3568 461 3610 et
472 3573 543 3612 socur
555 3559 586 3610 de
597 3558 712 3623 l'evtque
726 3559 802 3610 bouis
813 3559 846 3609 de
858 3559 983 3610 Bourbon.
997 3557 1018 3607 il
1029 3558 1115 3608 derint
1128 3558 1185 3621 plus
1226 3535 1237 3557 ’

152 3647 208 3698 tard
220 3648 306 3711 prinee
317 3646 449 3708 ducange.

186 3733 221 3796 (5)
238 3735 309 3784 Lisez
320 3734 427 3784 Acriaor'
435 3735 448 3785 ?

187 3821 221 3884 (4)
239 3821 300 3870 Jean
312 3820 343 3869 de
354 3820 511 3886 Neutchprel,
523 3821 574 3872 sire
584 3819 616 3869 de
629 3819 755 3882 Montagu.
