3126 4906
347 609 365 643 a
388 585 521 660 honoris,
536 593 629 644 status
643 595 673 646 ct
689 602 816 663 persone
833 593 893 660 tue,
908 585 996 660 bona,
1007 584 1142 654 fortunas
1157 604 1272 661 omnes,
1283 586 1381 647 bono·

347 708 364 743 >›
387 705 462 759 reru,
477 703 635 764 personam
650 696 680 746 et
695 685 785 745 ritem
804 703 888 744 suam
903 695 1006 746 contra
1028 685 1080 746 tibi
1103 685 1228 747 rebelles
1248 686 1380 747 maximo

346 811 363 845 n
387 788 520 868 periculo
542 786 696 866 exposuit3
714 787 796 863 quod
816 797 915 848 autem
932 806 1024 866 nune,
1042 799 1109 866 post
1122 789 1258 849 iteratam
1273 807 1378 849 cerum

346 910 363 945 n
385 890 601 950 contumaciam
628 896 658 948 ct
683 888 888 963 rebellionem,
909 888 962 948 tibi
983 907 1014 948 se
1034 889 1194 950 sumietere
1209 889 1289 965 velit,
1305 891 1380 950 scias

345 1013 364 1046 »
386 999 542 1069 procerte
564 991 661 1068 ipsum
685 988 808 1049 minime
829 987 979 1048 lecturum
1001 1007 1056 1049 nee
1077 988 1165 1049 etiem
1185 988 1238 1049 tibi
1257 1009 1289 1049 se
1303 988 1377 1048 sub-

344 1115 363 1149 »
386 1093 486 1152 mietet
501 1089 553 1170 (l),
568 1091 690 1152 donnino
700 1091 811 1168 legate:
826 1090 1092 1170 etignoscenobis.
1105 1093 1238 1152 »Postea
1253 1108 1326 1150 vero
1339 1091 1377 1150 ad

345 1193 521 1253 Leodicnses
547 1209 709 1252 conversus
730 1211 770 1251 :a
792 1193 860 1268 Ego,
887 1193 993 1270 inquit,
1015 1193 1128 1252 nullam
1154 1191 1240 1252 eliam
1267 1190 1378 1252 sederis

344 1317 362 1350 n
384 1293 478 1372 legem
507 1304 559 1352 aut
584 1292 813 1352 submissionem
842 1311 895 1352 nos
918 1293 990 1352 alios
1011 1291 1052 1374 (2)
1073 1292 1140 1352 volo
1166 1309 1221 1351 nee
1247 1310 1264 1351 a
1293 1291 1378 1352 vobis

343 1416 362 1453 >›
383 1403 514 1472 accepto,
534 1393 587 1452 nisi
605 1401 637 1451 ut
652 1393 802 1452 civitatem
816 1393 921 1470 ipsam,
935 1393 1049 1464 domos,
1064 1393 1141 1452 bona
1156 1375 1186 1452 et
1198 1411 1325 1472 corpora
1341 1392 1378 1451 ad

343 1517 361 1551 n
382 1511 503 1554 omnem
518 1493 729 1554 discretionem
744 1492 838 1567 ducis,
853 1493 1049 1566 volontatem,
1065 1505 1240 1571 potestatem
1257 1504 1287 1554 et
1302 1493 1376 1553 libe·

343 1619 361 1653 »
383 1615 451 1657 rum
472 1596 632 1656 arbitrium
656 1596 834 1675 supponatis
851 1604 881 1654 ct
897 1594 1032 1670 tradatis3
1052 1605 1080 1656 ct
1099 1597 1147 1656 dic
1164 1596 1303 1670 crastina,
1318 1595 1375 1656 nisi

343 1721 361 1754 a
384 1697 438 1760 hec
460 1697 677 1777 lient„gladius
701 1698 858 1773 utriusque
872 1696 964 1774 judex
985 1699 1042 1757 erit
1055 1717 1062 1755 :
1077 1699 1212 1775 capietur
1226 1697 1330 1756 civitas
1344 1697 1374 1755 ei

343 1821 360 1855 n
382 1811 413 1860 ct
437 1800 554 1878 penitus
569 1798 747 1878 spoliabitur
761 1810 791 1858 et
805 1798 992 1873 incendetur,
1007 1807 1036 1858 et
1051 1798 1225 1858 occidentur
1236 1797 1333 1872 multi,
1344 1805 1375 1856 et

342 1921 360 1956 »
383 1901 456 1959 mibi
478 1899 620 1976 placebi13
643 1896 838 1959 violabuntur
853 1900 976 1960 ecclesie
991 1910 1021 1959 et
1032 1899 1100 1977 jura
1119 1898 1306 1960 ecelesiastici
1320 1898 1374 1979 (ὅ),

341 2025 359 2058 »
381 2002 574 2062 violabuntur
589 2001 728 2079 virgines,
744 2010 838 2079 nupte
852 2019 972 2078 quoque
987 2013 1017 2060 ct
1032 2002 1129 2074 vidue,
1143 2011 1173 2060 et
1188 2001 1271 2060 multi
1284 2001 1373 2061 inno-

340 2123 358 2158 »
380 2114 481 2161 centos
492 2101 643 2180 peribunt,
656 2101 770 2162 etmihi
784 2101 960 2179 displicebit.
974 2102 1033 2161 ileo
1045 2113 1145 2162 tamen
1156 2104 1255 2161 omnia
1267 2102 1371 2161 fient.»

339 2202 528 2279 Obstupuere
545 2202 772 2262 circumstantes
798 2221 902 2262 omnes
925 2204 962 2263 ed
983 2213 1042 2262 tem
1062 2211 1192 2262 atrocem
1221 2202 1369 2263 sermonis

338 2304 459 2363 auitum.
480 2303 611 2362 Amelius
636 2321 717 2372 vero,
743 2305 789 2362 vir
803 2303 898 2362 audax
921 2315 950 2362 et
971 2304 1086 2382 vulgari
1108 2321 1247 2370 sermone
1267 2304 1371 2383 gallico

239 2399 242 2404 ’
337 2405 408 2464 satis
427 2406 580 2482 eloquens,
597 2403 674 2464 illico
689 2403 855 2481 respondit,
869 2404 1026 2481 inquiens:
1043 2427 1060 2462 a
1081 2407 1139 2465 llee
1158 2407 1257 2465 omnia
1272 2404 1370 2464 iecere

336 2527 354 2562 n
378 2508 471 2584 parati
488 2525 604 2577 sumus,
620 2505 643 2566 si
667 2505 695 2565 lri
720 2506 780 2565 duo
802 2507 895 2565 nostri
912 2504 1025 2565 domini
1047 2506 1197 2566 suaserint
1214 2518 1266 2566 aut
1279 2506 1369 2584 june-

336 2626 353 2661 »
377 2606 436 2664 rint
450 2605 493 2682 (l)
509 2627 536 2665 n.
558 2606 594 2664 Et
614 2605 754 2681 quoniam
778 2607 968 2665 marescallus
993 2607 1023 2664 in
1044 2625 1098 2665 suo
1120 2624 1259 2666 sermono
1280 2606 1368 2684 legati

335 2706 469 2767 fecerant
483 2708 523 2783 (5)
544 2706 728 2766 mentionem
749 2718 781 2765 ct
800 2707 897 2784 eliqua
915 2710 945 2766 in
962 2726 1031 2767 cum
1046 2707 1127 2787 (licet
1146 2709 1250 2786 pauca)
1277 2706 1368 2767 verba

336 2809 500 2884 pertulerat
513 2809 566 2887 (6),
581 2807 723 2868 indecens
746 2808 844 2867 visum
864 2817 908 2869 est
927 2809 1024 2887 legato
1046 2828 1101 2888 pro
1116 2809 1194 2870 sedis
1209 2809 1369 2887 apostolice

333 2911 477 2990 dignitate
492 2920 521 2970 et
542 2930 596 2971 suo
619 2912 733 2972 honore
756 2922 854 2972 tacere
875 2913 995 2992 penitus
1013 2924 1044 2972 et
1064 2913 1154 2972 nichil
1175 2913 1368 2992 respondere,

333 3011 401 3069 licet
430 3011 541 3070 frustra
570 3013 693 3072 omnino
720 3022 792 3072 tune
817 3011 906 3072 verbe
926 3013 1122 3091 jactarentur,
1150 3024 1248 3074 sterne
1275 3016 1367 3074 animi

333 3109 533 3170 obstinatione
558 3111 595 3169 ad
621 3111 770 3172 civitatem
796 3113 1004 3185 evertendam
1031 3115 1120 3194 igitur
1135 3116 1275 3194 episeopo
1293 3117 1363 3176 Leo·

333 3209 427 3269 diensi
449 3228 504 3289 pro
520 3210 685 3289 inter-petro
705 3224 837 3292 sumpto,
853 3213 906 3274 hec
926 3217 1098 3276 marescallo
1116 3216 1173 3275 diei
1189 3215 1364 3276 mandavit:

363 3536 400 3599 (Ι)
417 3536 489 3588 Lisez
502 3535 599 3587 velint..
619 3538 717 3603 ipsos...
727 3539 872 3603 facturos...
885 3537 1043 3591 submittent.

364 3623 400 3685 (2)
416 3625 565 3688 Supprimez
578 3637 626 3675 noe
638 3628 705 3676 attor
717 3639 751 3676 ou
763 3626 825 3676 lisez
839 3625 912 3677 nobis
926 3626 1016 3677 aliem.

363 3713 398 3773 (5)
416 3711 489 3762 Lisez
501 3711 682 3763 eeclesiastico.

364 3798 402 3853 tn
420 3797 492 3846 Lisez
501 3797 640 3860 jusserint.

363 3883 399 3945 (5)
417 3876 604 3938 bisczlecerot.

362 3968 398 4034 (6)
417 3969 487 4020 bisce
497 3968 654 4032 protulerat.
