3126 4906
597 475 750 574 (tro)

152 611 191 670 cti
203 613 224 688 (l
233 613 256 688 );
269 611 340 672 ethi
351 612 421 688 duc,
432 614 506 674 alter
517 615 697 674 anteriorem
708 617 882 691 custodiam,
895 619 972 680 alter
985 621 1181 702 posteriorem

153 713 294 774 tenebant
314 733 387 792 quas
408 717 559 796 appellant
577 706 780 798 lovonqardo
799 730 826 779 ct
846 718 1092 803 Luderecqordo,
1113 744 1181 785 cum

151 815 214 874 suis
225 816 394 894 agminibus
404 818 533 896 magnis;
545 818 623 877 inter
631 818 838 880 bascustodias
850 823 1037 884 marescallus
1045 827 1181 903 Burgun-

151 915 209 988 die,
221 926 285 993 post
299 917 403 976 ducem
417 918 555 998 princeps
564 918 653 978 totius
662 920 818 995 exercitus,
830 929 860 981 et
869 941 981 983 cumeo
992 922 1132 986 dominus
1144 926 1181 986 de

151 1018 366 1090 Monte-teuto,
382 1017 475 1078 irater
489 1018 563 1096 ejuS,
578 1020 712 1099 Filippus
724 1019 761 1079 de
771 1020 916 1081 Sabaudia
928 1022 980 1104 (ᾖ),
996 1024 1133 1086 dominus
1143 1025 1181 1085 de

152 1117 374 1179 llumberccurt
394 1138 428 1178 ex
452 1120 615 1195 Piceardia,
629 1129 733 1200 gentes
748 1129 777 1180 ct
792 1121 873 1200 signa
893 1122 1007 1184 domini
1027 1125 1064 1185 de
1081 1129 1182 1204 Argue

151 1221 216 1294 (qui
236 1219 344 1278 absens
359 1229 433 1292 crat,
447 1220 621 1281 vulneratus
637 1230 772 1300 utsupra
789 1221 929 1304 diximus)
944 1225 1130 1287 incedebant.
1146 1227 1181 1287 lli

150 1337 254 1380 omncs
269 1340 329 1380 uno
344 1322 457 1400 impetn
473 1325 622 1384 civitatem
638 1324 773 1402 ingressi,
784 1324 933 1402 aliquibus
945 1327 1058 1407 (paucis
1070 1329 1181 1410 tamen)

150 1421 326 1481 mulieribus
338 1433 366 1484 et
378 1425 478 1500 pneris
493 1443 526 1484 ac
540 1425 628 1485 etiam
644 1446 679 1487 ex
695 1429 904 1490 resistentibus
920 1429 1095 1504 interfectis,
1110 1430 1182 1490 reli-

150 1540 225 1598 quos
236 1523 266 1582 in
279 1523 379 1601 lugam
393 1537 554 1603 coegerunt
560 1545 568 1598 ;
585 1526 797 1606 confugiebant
809 1530 930 1609 plurimi
943 1532 979 1590 nd
992 1531 1138 1602 ecelesias,
1150 1550 1181 1591 se

149 1622 209 1683 illic
230 1633 307 1683 tutos
327 1623 389 1683 lere
403 1624 444 1704 (ὅ)
462 1634 622 1704 putantes:
642 1645 716 1704 quos
738 1623 864 1690 insecuti
886 1630 1057 1709 sagyptarii‚
1079 1630 1181 1709 plures

149 1723 335 1784 antealtaria
350 1735 379 1784 et
394 1725 482 1802 pedes
497 1725 712 1788 celebrantium
727 1730 913 1790 sacerdotum
935 1730 1056 1810 sagiptis
1077 1729 1180 1791 eonfo—
1248 1718 1252 1727 ⁸

149 1822 276 1896 deruut3
292 1823 377 1883 multi
396 1825 426 1884 in
446 1826 576 1905 propriis
595 1827 734 1888 domibus
749 1849 781 1889 se
796 1828 988 1889 abdiderunt.
1003 1829 1181 1890 Vincentius

149 1923 187 1984 de
207 1927 307 1984 Buren
326 1937 354 1985 et
377 1926 436 1984 duo
454 1926 588 2005 germani
609 1925 646 1986 de
665 1928 807 2003 Stralem‚
822 1930 956 2008 precipui
973 1928 1180 1990 leodiensium

148 2026 247 2099 duces,
262 2044 328 2085 cum
344 2029 432 2086 certis
446 2028 511 2087 aliis
524 2027 675 2088 nobilibus
690 2041 720 2089 et
733 2029 858 2104 civibus,
877 2048 981 2090 omues
1003 2031 1119 2108 equites
1141 2031 1179 2090 ad

148 2146 309 2188 numerum
330 2129 447 2188 circiter
468 2131 707 2208 octingentorum
731 2142 761 2190 et
783 2128 918 2210 peditum
940 2131 1057 2191 circiter
1078 2130 1181 2190 decem

147 2227 277 2301 milium,
293 2229 441 2290 intellecto
455 2229 688 2308 Burguodcrum
701 2230 828 2310 impetu,
846 2249 901 2310 per
916 2240 1038 2310 pontem
1054 2232 1133 2290 Mose
1148 2228 1179 2289 io

146 2328 318 2388 Arducunm
338 2331 452 2406 silvam,
473 2330 583 2390 civitati
605 2330 781 2408 proximam,
798 2332 866 2410 iuga
888 2349 941 2390 suc
963 2331 1049 2391 saluti
1071 2348 1180 2390 consu·

145 2430 277 2490 luerunt.
300 2430 423 2508 Reliqua
445 2431 570 2490 civitatis
596 2440 681 2510 parte
703 2451 758 2511 per
778 2433 929 2510 quarteria
956 2433 1009 2492 toti
1035 2431 1179 2492 exercitui

146 2513 304 2591 distributa
319 2541 349 2590 et
363 2532 393 2590 in
409 2533 529 2610 predam
552 2551 699 2606 concessa,
721 2545 750 2593 ct
773 2534 892 2593 taudem
914 2531 1053 2592 incendio
1071 2532 1177 2592 tradita

145 2631 201 2691 boc
214 2632 310 2692 modo.
322 2633 390 2691 llrat
405 2633 586 2693 Francorum
599 2652 650 2693 rex
662 2634 877 2712 superindutus
890 2633 1015 2712 insignis
1027 2631 1070 2712 (l)
1082 2632 1180 2692 crucis

145 2735 239 2795 sancti
261 2733 379 2795 Andree
400 2747 578 2808 transverse,
599 2735 708 2812 quibus
727 2737 824 2796 omnis
844 2734 1077 2814 Burgundorum
1099 2733 1178 2793 exci-

146 2847 193 2896 tus
204 2834 246 2915 (5)
260 2837 290 2895 iu
303 2835 387 2896 bellis
400 2837 442 2896 uti
454 2837 617 2912 consucvit,
628 2848 658 2896 et
670 2845 742 2896 tune
756 2836 946 2916 superinduti
957 2853 1062 2895 omnes
1075 2844 1177 2907 erant;

143 2938 287 3014 visusque
301 2945 346 2997 est
359 2957 374 2996 a
391 2936 527 3014 pluribus
542 2957 596 2998 rex
609 2939 673 3015 ipse
686 2939 717 2997 in
730 2938 827 2998 medio
839 2937 916 3010 foro,
927 2952 1029 2996 ensem
1042 2935 1071 2994 in
1084 2952 1174 2993 manu

146 3051 262 3112 tenens,
275 3051 411 3101 extencto
426 3040 469 3122 (6)
483 3041 621 3116 brachio,
635 3061 744 3103 sonora
759 3060 859 3103 voce...
887 3067 894 3076 ·

177 3305 213 3366 (l)
231 3303 345 3365 Adolpbe
357 3277 390 3352 oe*
402 3301 490 3352 Clevcs
501 3315 534 3351 ou
547 3301 578 3350 de
592 3301 734 3352 llavestein.

179 3390 213 3454 (ᾖ)
232 3389 269 3441 Cl.
281 3391 415 3450 ci-dessus‚
428 3402 504 3453 peges
520 3390 565 3438 l08
578 3396 604 3438 et
621 3389 677 3439 159.

178 3475 215 3543 (ὅ)
234 3476 304 3526 bisen
317 3477 382 3540 sore.

178 3563 215 3628 (l)
232 3563 304 3614 Liscz
319 3562 448 3626 insigniis.

179 3649 214 3711 (5)
232 3648 304 3698 Ltsez
316 3648 455 3696 exercitae.

179 3734 213 3796 (6)
232 3734 305 3783 bisen
318 3738 428 3782 extento.

460 3889 889 3932 W*

229 4087 293 4140 unu.
317 4096 467 4139 onurmcs.
