3126 4906
816 451 968 550 (iss)

382 616 399 651 r
423 607 455 654 nt
474 596 623 673 captivum
639 594 719 673 apud
734 615 765 655 se
779 594 914 654 detinere
929 590 1021 651 luerit
1033 609 1134 665 aursus,
1147 601 1231 651 certe
1245 591 1321 652 scias
1337 593 1413 656 hanc
1457 639 1459 644 -

381 716 399 751 »
421 713 484 755 rom
499 713 659 776 sumopere
672 694 740 755 duci
759 694 995 755 molestissimam
1010 710 1073 752 esse
1088 702 1117 751 et
1127 691 1318 768 gravissimas
1330 693 1414 756 deco

382 816 400 852 >r
421 807 613 874 sumpturum
635 814 736 873 penes,
758 795 892 854 conlecto
907 792 962 852 hoc
976 791 1132 850 leodiensi
1146 791 1234 852 bello.
1250 811 1268 849 a
1283 793 1415 855 Accessit

381 894 417 954 ed
441 895 503 954 ltaec
525 896 615 956 verbs
637 895 840 968 marescallus,
862 893 964 954 eadem
987 891 1168 952 confirmans
1186 902 1217 952 et
1235 893 1369 954 subdens
1383 914 1414 955 se

381 995 561 1056 intellexisse
569 1013 576 1054 a
585 1018 602 1053 u
611 997 709 1076 Argue
719 998 810 1056 multa
822 995 853 1055 in
865 1012 933 1055 eum
942 992 1096 1053 maledicte
1106 991 1196 1052 luisse
1205 992 1416 1074 confictumil)

382 1105 415 1157 ut
437 1114 520 1157 suom
535 1097 691 1158 stultitiam
718 1097 863 1178 palliaret,
888 1094 1023 1155 videlicet
1047 1103 1078 1154 et
1103 1093 1170 1154 ideo
1190 1094 1272 1173 apud
1295 1113 1327 1156 se
1341 1092 1417 1156 deti·

382 1200 481 1258 nuissc
506 1199 635 1277 legatum
650 1217 688 1258 ne
704 1199 733 1258 in
750 1215 855 1258 manus
878 1196 1043 1256 marescalli
1065 1194 1244 1270 devenisset,
1269 1196 1323 1273 qui
1345 1214 1416 1256 cum

381 1297 448 1358 eum
472 1300 533 1358 suis
552 1299 732 1360 decrevisset
752 1298 924 1359 interficere
938 1317 946 1358 ε
959 1297 997 1358 ob
1012 1315 1088 1373 quas
1102 1315 1214 1370 causas,
1230 1307 1289 1357 tam
1307 1298 1415 1377 patrati

381 1401 499 1460 sceleris
519 1419 609 1477 quam
632 1400 751 1460 conficti
772 1398 926 1471 mendatii,
943 1399 1081 1458 statuisse
1095 1416 1126 1457 se
1142 1415 1210 1457 eum
1226 1399 1324 1460 securi
1343 1417 1415 1478 per·

381 1512 483 1560 cutere
504 1491 549 1560 vel
572 1501 669 1580 capite
690 1513 831 1561 truncare
846 1501 875 1560 in
892 1511 1051 1577 conspectu
1066 1499 1165 1577 legati,
1180 1499 1237 1559 nisi
1251 1499 1415 1562 consiliarii

382 1600 475 1676 ducis,
489 1601 528 1661 ob
550 1603 715 1680 proximam
734 1602 820 1662 valde
841 1600 994 1680 sanguinis
1016 1617 1084 1658 cum
1106 1598 1182 1660 duce
1202 1599 1269 1677 ejus
1286 1601 1416 1681 conjun-

339 1728 341 1732 ·
382 1703 520 1776 ctionem,
542 1702 579 1762 ab
601 1702 657 1762 hac
670 1721 739 1762 eum
756 1702 902 1762 sententia
917 1701 1109 1762 divertissent
1124 1721 1151 1763 n.
1168 1702 1287 1780 Accepit
1301 1703 1416 1782 legatus

381 1814 466 1883 grato
484 1805 583 1863 animo
602 1821 706 1862 eorum
722 1803 925 1884 excusationes
940 1813 970 1862 et
984 1802 1074 1862 verba
1089 1802 1196 1876 dulcia,
1212 1803 1290 1875 licet,
1305 1804 1415 1865 totiens

382 1922 485 1964 eorum
502 1903 591 1963 fidem
606 1915 757 1980 expertus,
771 1902 882 1963 nullius
893 1901 955 1979 jam
971 1901 1070 1961 verbis
1084 1900 1192 1962 fideret
1205 1903 1415 1964 autcroderet.

310 2050 313 2060 .
382 2007 464 2064 luter
478 2004 533 2063 hec
546 2005 666 2067 accessit
677 2005 835 2082 episcopus
846 2002 1015 2063 Leodiensis
1026 2003 1063 2061 ad
1076 2003 1204 2080 legatum
1217 2021 1285 2063 cum
1297 1995 1415 2065 civibus

381 2108 483 2186 legatis
513 2105 740 2180 leodiensibus,
765 2106 898 2167 dicentes
923 2128 940 2164 ι(
966 2104 1132 2165 decrevisse
1157 2123 1189 2164 se
1213 2105 1313 2166 omnia
1338 2107 1415 2166 velle
1513 2100 1515 2103 ’

383 2209 478 2267 iacere
503 2224 561 2282 que
583 2208 770 2267 marescallus
795 2205 911 2266 dixerat
932 2217 961 2266 et
984 2207 1119 2284 petierat,
1142 2217 1319 2284 paratosque
1341 2208 1413 2268 scui-

383 2319 501 2385 pturam
516 2307 663 2367 coniicere
674 2328 702 2366 s.

402 2463 406 2471 .
424 2411 472 2469 llis
487 2409 658 2470 marescallo
675 2427 728 2488 per
744 2425 793 2468 eos
809 2407 917 2479 relatis,
932 2397 1023 2468 accito
1039 2407 1155 2468 notario
1167 2407 1230 2486 ejus
1243 2425 1295 2469 seu
1308 2406 1415 2481 scriba,

382 2512 552 2572 marescallo
566 2511 706 2584 dictante,
717 2512 748 2569 in
761 2510 837 2568 hane
850 2509 1026 2569 sententiam
1043 2510 1189 2587 scriptura
1202 2508 1336 2568 coniectu
1352 2517 1415 2568 est:

381 2635 398 2669 «
422 2613 566 2672 amelium
586 2630 653 2671 eum
676 2612 743 2672 sotii
757 2609 798 2691 (2)
815 2610 918 2687 legatis
940 2609 1156 2682 leodiensium,
1172 2608 1263 2669 totius
1286 2605 1415 2669 ciuitatis

382 2714 518 2785 nomine,
545 2731 663 2792 pacem,
684 2712 801 2772 veniam
827 2722 858 2770 et
885 2710 1118 2770 misericordiam
1148 2710 1185 2770 ab
1212 2711 1414 2771 illustrissimo

382 2812 503 2873 domino
528 2813 603 2872 duce
630 2811 802 2890 Burgundie
825 2823 936 2889 petere,
950 2811 1104 2890 ipsiusque
1117 2810 1200 2871 ducis
1215 2811 1414 2888 dispositioni,

382 2915 526 2974 voluntati
544 2923 574 2973 et
584 2912 679 2972 libero
689 2912 814 2972 arbitrio
825 2911 974 2972 civitatem
988 2911 1093 2990 ipsam,
1104 2911 1181 2972 bona
1193 2930 1298 2971 eorum
1313 2911 1414 2972 omnia

381 3025 409 3075 et
435 3032 558 3092 corpora
587 3013 714 3084 tradere,
739 3008 845 3088 parere
867 3023 898 3070 et
921 3011 1103 3072 submictere
1128 3033 1156 3073 o.
1184 3014 1243 3072 llac
1264 3013 1414 3092 scriptura

381 3114 513 3174 coniecta
538 3123 568 3173 et
586 3112 705 3190 publice
728 3111 803 3171 lecta
826 3130 925 3169 coram
949 3113 1089 3173 omnibus
1113 3114 1289 3187 astantibus,
1314 3115 1414 3174 statim

282 3257 285 3262 -
382 3215 548 3291 subscripta
569 3221 614 3272 est
633 3232 688 3291 per
708 3212 786 3271 cives
802 3213 909 3291 primo,
925 3225 1024 3291 postea
1041 3233 1095 3292 per
1109 3214 1293 3292 episcopum,
1309 3214 1416 3275 ultimo

384 3336 437 3394 per
453 3316 591 3393 legatum,
605 3332 664 3373 non
682 3312 878 3392 perverbum
894 3311 1049 3394 confirmo,
1067 3315 1119 3374 sed
1133 3334 1258 3396 presens
1271 3314 1336 3395 sui,
1347 3326 1414 3388 etc,

382 3415 503 3475 demum
527 3415 645 3494 publico
668 3413 791 3474 heraldo
815 3413 919 3474 traditu
945 3423 978 3474 ut
1000 3414 1036 3474 ad
1057 3415 1205 3475 civitatem
1230 3415 1364 3475 deferret
1385 3424 1416 3474 et

382 3517 510 3577 relerret
523 3534 675 3594 responsa.
692 3516 757 3588 Quo
768 3514 907 3587 abeunte,
920 3515 1073 3574 consilium
1090 3515 1268 3575 dissolutum
1284 3529 1328 3576 est
1344 3516 1415 3575 satis

382 3619 451 3690 lete,
471 3617 532 3694 jam
559 3617 666 3676 eilluxa
694 3617 761 3694 plus
780 3616 877 3676 media
904 3617 998 3675 trectis
1022 3625 1114 3694 parte.
1137 3617 1294 3677 Nitebatur
1316 3620 1416 3696 Argue

414 3885 451 3947 (l)
470 3885 540 3934 Lisez
550 3896 558 3933 t
569 3882 603 3932 ab
615 3886 702 3949 Arpce
714 3882 797 3933 merito
800 3917 839 3932 .....
850 3882 933 3946 fuisse
945 3882 1062 3946 coufieto.

413 3971 450 4033 (t)
467 3971 538 4020 lisez
550 3968 634 4020 sociis.
