3126 4906
627 433 781 530 (tuo)

168 575 421 654 inflorgundiam
437 573 553 634 misisse
570 594 597 632 u.
614 574 705 633 Erant
721 574 757 633 ud
776 573 917 652 angulum
936 593 1052 635 camere
1068 575 1131 635 haee
1146 573 1209 655 agi-

168 685 277 746 tantes
289 693 357 734 earm
373 675 472 753 Argue
487 683 517 733 et
532 673 594 732 suis
609 673 843 744 comilitonibus,
854 673 1013 753 episcopus
1028 675 1211 754 Leodieusis,

169 775 401 846 llumhercourt,
418 776 549 834 loannes
569 773 607 834 de
629 775 735 852 Ber-gea
757 785 787 834 et
809 774 901 852 aliqui
924 774 1033 835 milites
1054 794 1089 834 ex
1114 775 1209 854 patria

170 875 335 947 leodiensi,
350 877 491 954 episcopo
511 874 635 947 subditi,
652 893 757 936 omnes
779 876 815 935 ad
839 894 999 936 numerum
1019 875 1082 936 lere
1103 877 1208 956 viginti

167 979 205 1038 in'
222 976 335 1035 circulo
357 975 460 1052 positi;
486 974 515 1034 lri
539 975 733 1036 veliementer
751 978 849 1056 Argue
871 975 1207 1054 increpabant,eaorta·

168 1078 289 1148 bantur,
303 1075 430 1136 orabant
445 1099 463 1134 u
480 1087 513 1136 ut
528 1076 564 1135 nb
581 1075 635 1135 liae
649 1087 687 1136 se'
701 1077 870 1136 contineret
888 1077 1011 1148 insania,
1028 1094 1066 1136 ne
1081 1077 1208 1138 ulterius

168 1181 350 1260 indagatum
367 1197 473 1238 manus
486 1187 665 1256 apponeret,
683 1195 750 1237 eum
773 1178 986 1240 instantissime
1005 1177 1088 1238 ducis
1105 1179 1206 1239 conlo-

169 1283 274 1360 quium
297 1288 449 1359 expeteret
469 1290 498 1339 et
522 1288 692 1356 expectaret
719 1297 898 1356 responsum
921 1297 956 1350 »3
976 1279 1128 1339 instabant
1149 1280 1207 1354 illi,

169 1381 377 1461 repugnabant
392 1380 452 1454 isti,
475 1398 543 1440 cum
562 1380 676 1440 interea
695 1382 825 1440 loannes
844 1380 881 1440 de
899 1381 1029 1454 Querru,
1049 1380 1208 1440 canonicus

167 1483 459 1560 leodiensist‘l),qui
471 1501 575 1542 corum
589 1482 680 1542 verba
690 1491 873 1560 susceperat,
882 1482 918 1542 ud
931 1482 1060 1562 legatum
1073 1482 1209 1557 veniens,

168 1584 288 1664 aperuit
306 1585 333 1642 oi
347 1601 465 1643 eausam
480 1583 519 1642 ob
535 1601 625 1660 quam
641 1583 682 1643 illi
699 1594 847 1643 venerant
862 1594 891 1644 et
907 1581 979 1661 quid
996 1582 1037 1643 ibi
1049 1583 1082 1642 'in
1097 1581 1208 1660 angulo

166 1705 301 1748 'seorsum
310 1687 593 1747 consultarenteum
604 1684 708 1764 gallice
718 1685 917 1761 loquerentur
923 1704 931 1758 ;
945 1702 1104 1763 assurgens
1116 1683 1209 1762 igitur

167 1788 281 1866 legatus
296 1786 410 1846 alsatis
426 1786 542 1864 placide
561 1785 597 1845 ad
619 1803 669 1845 eos
684 1785 837 1858 accedens,
852 1782 995 1863 appositis
1016 1767 1155 1842 manibus
1169 1781 1206 1842 ad

168 1890 310 1950 lrumeros
325 1887 455 1948 duorum
470 1899 655 1948 armatorum
671 1895 702 1945 et
719 1887 762 1948 eis
783 1885 939 1965 paululum
954 1885 1112 1944 summotis
1128 1884 1205 1944 utin

167 1987 278 2049 eireulo
293 1986 348 2047 sibi
364 1989 460 2047 locum
477 1987 584 2046 darent
599 2006 606 2047 :
624 2009 641 2044 e
663 1988 703 2056 Si,
719 1986 827 2064 inquit,
841 1985 879 2045 de
899 2002 947 2044 me
966 1995 996 2044 et
1012 1984 1086 2044 meis
1105 1983 1206 2056 rebus,

167 2111 185 2148 n
206 2108 224 2150 o
247 2089 366 2158 milites,
387 2088 545 2147 eonsilium
570 2087 667 2167 agitis,
690 2103 801 2164 equum
820 2094 864 2148 est
882 2093 916 2144 ut
930 2096 959 2145 et
983 2102 1037 2163 ego
1058 2083 1206 2156 intersim,
1245 2150 1248 2152 ,

167 2211 185 2247 n
206 2189 325 2249 audiam
344 2200 374 2250 et
393 2187 476 2247 vobis
498 2189 611 2264 loquar.
630 2187 705 2247 Satis
728 2187 832 2259 miror,
849 2187 877 2246 d.
900 2187 937 2246 de
958 2190 1068 2266 Argue,
1088 2187 1205 2264 impru-

167 2289 338 2350 »dentiam
366 2299 457 2360 tuam,
476 2307 514 2348 ne
535 2289 632 2348 dicam
651 2289 807 2362 insaniam,
834 2287 915 2365 quod
940 2287 1051 2347 iterum
1077 2285 1114 2346 de
1139 2304 1206 2344 mea

165 2398 185 2447 'a
207 2389 376 2468 captivitate
397 2388 488 2448 verba
508 2389 604 2448 lacera
626 2389 665 2449 sis
688 2407 786 2460 ausus,
810 2405 877 2446 cum
903 2386 983 2447 scitis
1001 2404 1092 2464 quam
1113 2385 1204 2446 iidem

164 2513 186 2548 n
206 2510 222 2548 a
238 2508 286 2549 me
301 2487 416 2568 exigisli
432 2500 460 2548 et
476 2488 546 2564 quid
563 2488 670 2567 spondi
683 2487 733 2567 (2).
748 2488 779 2548 Si
791 2486 883 2546 habes
894 2505 910 2545 a
923 2485 998 2546 duce
1011 2504 1203 2565 responsum,

168 2613 185 2648 n
207 2590 253 2650 lac
270 2597 303 2648 ot
317 2589 534 2666 intelligamus3
551 2589 576 2648 si
592 2607 652 2648 non
665 2587 850 2662 hebescere
866 2586 996 2646 nederc
1009 2586 1065 2646 hac
1078 2585 1204 2647 ulterius
1278 2640 1282 2649 ,

167 2713 184 2748 a
208 2689 334 2750 verbum
352 2688 440 2749 iacias
462 2708 516 2768 pro
535 2699 587 2749 tuo
606 2700 636 2748 et
656 2689 800 2767 principis
821 2688 863 2747 tui
883 2685 1008 2760 honore,
1028 2704 1097 2746 oum
1120 2685 1203 2763 prius

168 2814 185 2849 a
209 2811 257 2852 rue
273 2791 320 2850 hic
333 2793 362 2850 in
377 2790 489 2850 lrustra
505 2791 548 2871 (5)
559 2791 730 2850 concideres
746 2809 805 2868 que
819 2789 861 2869 (l)
877 2790 947 2850 hine
958 2808 1081 2869 cogeres
1095 2788 1203 2868 pedem

168 2915 185 2950 a
208 2893 326 2953 efferre.
343 2913 361 2948 a
372 2895 407 2952 Et
421 2910 583 2952 conversus
597 2891 707 2952 iterum
720 2890 757 2950 ad
769 2891 943 2970 episcopum
958 2889 1072 2969 legatus
1088 2890 1202 2967 inquit:

167 3016 185 3050 (ι
207 2993 285 3053 lube
300 2994 382 3072 signa
399 2991 463 3050 dari
479 3001 508 3051 ct
523 3001 589 3053 tuos
605 3010 709 3052 omnes
724 2991 820 3071 patrie
837 2991 952 3051 nobiles
969 2991 1029 3051 hue
1043 2989 1205 3050 convenire

167 3113 185 3148 a
209 3105 242 3153 ut
256 3092 311 3152 hos
326 3093 454 3153 abiciant
470 3095 509 3170 (5)
525 3101 555 3152 et
576 3091 691 3169 aliquos
711 3093 869 3163 retineant,
884 3091 979 3151 donec
998 3109 1080 3151 meos
1099 3107 1204 3149 omnes

167 3215 185 3250 n
208 3194 318 3254 inlesos
337 3195 373 3254 ad
389 3212 436 3254 me
452 3193 609 3253 remiotant
630 3215 656 3252 n.
673 3195 708 3253 Et
723 3192 769 3254 his
784 3192 880 3266 dictis,
893 3192 1008 3273 legatus
1027 3191 1065 3252 ab
1081 3191 1123 3252 eis
1138 3189 1205 3252 des-

166 3295 254 3355 cessit
275 3297 316 3372 (6)
332 3296 363 3354 in
380 3295 547 3374 proximam
563 3313 719 3355 cameram.
736 3295 861 3354 Maxima
877 3294 958 3354 iuter
979 3313 1029 3354 eos
1052 3291 1204 3354 contentio

198 3520 235 3584 (1)
252 3519 288 3569 ct.
303 3520 432 3570 oi-dessus
445 3533 509 3580 page
522 3521 561 3570 70.

200 3605 234 3668 (d)
252 3607 326 3656 Ltsez
339 3607 475 3670 spopondi.

201 3693 237 3752 (5(
256 3693 325 3742 Lisez
336 3693 434 3756 fructu.

202 3778 237 3843 (4)
256 3779 329 3828 Lisez
341 3791 429 3842 quom.

204 3866 240 3928 (5(
257 3866 330 3914 Lisez
341 3865 476 3928 abjiciant.

206 3951 238 4012 (6(
258 3952 329 4002 Lisez
340 3951 465 4002 discessit.
