3102 4914
603 515 616 574 t
644 477 683 552 5¹
717 478 730 573 l

111 673 115 677 .
151 630 221 672 cum
236 611 283 673 his
297 614 388 684 sotiis,
404 633 441 675 ue
457 615 503 674 sui
515 617 749 693 expectationem
762 615 880 690 laceret,
891 619 1084 698 Agrippinam
1096 621 1182 680 Colo·

151 713 232 773 niam
253 715 369 794 navigio
388 715 537 790 devectus,
556 716 597 776 ibi
623 718 780 796 primarios
802 729 919 796 patrum
941 720 1131 796 ecclesiarum
1154 730 1184 780 et

151 816 248 892 patrie
271 817 440 876 leodiensis
469 817 631 888 nobilium,
659 821 809 897 sexaginta
839 821 989 896 equitibus
1014 823 1182 894 comitatoS,

150 916 237 976 avide
247 936 280 976 se
291 927 481 996 expectantes
494 921 614 998 reperit.
624 921 681 980 Sed
693 939 761 979 cum
772 920 869 979 adlruc
879 923 997 998 gnavius
1010 922 1095 1000 legati
1108 924 1183 1001 egri-

151 1019 225 1079 tudo
236 1019 298 1080 iere
310 1023 449 1098 usquead
460 1035 586 1082 mortem
597 1033 806 1096 succresceret,
816 1026 919 1104 ingens
931 1025 1032 1104 legatis
1042 1026 1183 1085 leodicu-

149 1121 229 1180 sium
252 1139 352 1180 meror
367 1133 395 1182 et
411 1123 519 1183 mentis
535 1123 720 1202 perturbatio
737 1125 842 1196 inerat,
857 1143 958 1183 rerum
975 1126 1183 1202 desperatione

152 1220 274 1291 turbati,
296 1239 351 1280 suo
375 1223 473 1300 potius
494 1223 660 1283 infortunio
682 1233 712 1282 et
733 1225 888 1286 calamitati
911 1224 968 1284 hoc
992 1224 1185 1288 ascribentes,

151 1321 237 1380 Facta
263 1340 334 1400 ergo
360 1341 441 1382 ruora
467 1323 584 1382 dierum
608 1333 674 1383 octo
702 1325 747 1383 vel
773 1325 889 1394 decem,
915 1344 1009 1402 usque
1035 1321 1070 1383 ad
1096 1326 1183 1405 legati

152 1422 308 1482 meliorem
329 1425 606 1498 convalescentiam,
622 1424 651 1483 in
668 1425 828 1503 Agrippina
851 1424 987 1498 Colonia,
1003 1437 1033 1484 ct
1047 1436 1184 1486 vertente

153 1535 227 1583 tuuc
248 1522 433 1583 dissensione
454 1525 596 1597 maxima,
619 1543 713 1602 usque
735 1525 771 1583 ad
793 1543 946 1583 armorum
970 1537 1091 1600 motus„
1107 1527 1185 1585 iuter

151 1627 318 1702 liopertum
342 1624 461 1685 Colonia
482 1625 738 1704 archiepiscopum
753 1624 794 1706 (1)
810 1634 838 1685 et
854 1644 922 1684 suos
939 1625 1017 1684 cives
1038 1645 1071 1684 ac
1091 1629 1185 1704 patrie

153 1724 282 1784 barones
304 1735 334 1784 et
355 1725 479 1797 nobiles,
494 1725 545 1802 qui
565 1727 592 1786 ei
613 1725 725 1785 bellum
747 1725 878 1784 indicere
900 1735 967 1802 post
988 1727 1184 1802 quatriduum

153 1835 322 1886 statuerant
337 1845 343 1886 :
360 1836 479 1904 rogatus
500 1825 537 1884 ab
557 1825 778 1904 archiepiscopo
800 1835 829 1884 et
851 1844 905 1884 suo
927 1825 1059 1899 consilio,
1082 1827 1132 1902 qui
1155 1845 1185 1886 se

149 1925 259 2003 juditio
280 1927 365 2005 legati
387 1937 417 1984 et
432 1913 549 2003 justitie
572 1925 768 1985 submietcbat
786 1937 822 2006 ”i
851 1926 878 1984 vi
901 1937 930 1985 et
952 1925 1029 1984 hello
1052 1924 1185 1984 obstine-

153 2036 224 2085 reut
235 2025 286 2106 (2),
301 2028 425 2106 legatus,
438 2046 495 2085 una
511 2046 578 2086 eum
594 2027 725 2106 episcopi
740 2039 768 2086 et
785 2027 991 2088 leodiensium
1007 2029 1186 2099 oratoribus,

155 2129 307 2207 negotium
320 2127 472 2187 tractaude
484 2128 563 2206 pacis
575 2129 735 2207 assumpsit
745 2129 796 2208 (5),
808 2127 876 2187 lieet
887 2129 961 2188 lecto
977 2128 1141 2205 decubans3
1157 2139 1187 2190 ct
1239 2123 1241 2130 '

111 2300 113 2304 Ι
154 2247 327 2305 compresso
354 2227 506 2307 paulisper
531 2227 696 2288 furentium
713 2228 840 2288 militum
863 2241 892 2288 et
914 2230 989 2289 bella
1005 2231 1046 2309 (l)
1061 2232 1187 2308 impetu,

155 2331 245 2391 modo
257 2331 402 2402 velriculo‚
412 2331 502 2390 inodo
515 2330 631 2409 navigio
640 2349 694 2408 per
702 2333 811 2390 Mosam
820 2331 959 2390 devectus
971 2330 1023 2412 (5),
1035 2333 1073 2392 oh
1087 2334 1188 2402 minus

154 2432 274 2492 firmam
291 2431 499 2505 valitudinem,
520 2433 639 2492 taudem
658 2433 695 2490 ad
711 2434 922 2500 monasterium
939 2434 1186 2503 cartusiensium,

153 2533 250 2593 muris
265 2533 390 2592 civitatis
407 2531 575 2592 leodiensis
592 2533 773 2610 proximum,
789 2531 914 2591 flumine
931 2544 1045 2594 tantum
1063 2537 1140 2592 Mose
1157 2545 1187 2592 et

188 2785 226 2847 (l)
244 2786 350 2847 Rupert,
364 2791 446 2834 comte
464 2783 557 2846 palatiu
572 2783 606 2832 du
620 2782 693 2832 Rhiu.
705 2782 787 2844 Voyez
800 2783 902 2830 Mantua
914 2782 965 2832 und
978 2782 1129 2841 Rsrsaurar,
1142 2781 1186 2834 Die

153 2869 274 2933 essenon
286 2870 341 2918 uad
352 2865 521 2933 Erebisolatlse
533 2881 583 2918 von
596 2867 670 2927 Co'ln,
683 2867 754 2926 Cdln,
769 2867 888 2917 1858-15.

189 2953 224 3016 (2)
243 2955 314 3004 lisez
326 2953 515 3005 submictebont
569 2952 738 3004 abstinerent.

189 3043 225 3104 (ὅ)
242 3039 291 3090 Sur
309 3054 350 3092 ces
368 3040 426 3090 faits
443 3053 520 3104 aoyez
545 3040 649 3102 Ennea,
672 3038 815 3090 Gesoltieltte
838 3039 886 3089 der
905 3037 981 3090 Stodt
1005 3040 1081 3102 Kdln,
1102 3048 1120 3092 t.
1141 3043 1186 3110 lll,

154 3134 180 3177 et
193 3127 221 3176 11.
234 3125 369 3185 ltlsurzar,
381 3125 485 3176 Dietlaer
502 3139 553 3176 oon
565 3125 700 3190 laenbarp,
713 3124 870 3189 Erebisclrof
878 3138 928 3176 oon
942 3125 1040 3190 Mainz,
1053 3128 1187 3192 Erlangen,

156 3211 229 3276 1868,
238 3219 290 3266 etc.
914 3197 918 3200 ⁸

187 3297 222 3360 (ll
242 3299 315 3350 lizez
326 3298 403 3349 belli?

187 3387 223 3451 (ὅ)
242 3386 277 3435 [te
288 3386 405 3447 Calague,
424 3385 546 3435 Ouulrius
561 3398 588 3435 se
606 3385 688 3434 rendit
707 3385 852 3447 parluliers
864 3385 877 3433 a
891 3385 1113 3450 ata-ta-ctaapette,
1125 3389 1158 3436 ota
1169 3387 1187 3435 il

154 3469 260 3521 s'arrdta
272 3471 395 3534 quelques
412 3471 484 3533 iours
501 3484 564 3532 pour
582 3471 705 3520 s'assurer
720 3483 771 3533 que
788 3469 903 3532 l’evdque
919 3477 944 3520 et
955 3471 978 3520 le
991 3471 1081 3533 peuple
1093 3470 1187 3520 e‘taient
1260 3475 1269 3498 ⁰

153 3557 361 3622 disposesabien
373 3557 501 3608 accueillir
519 3557 555 3607 les
565 3559 771 3608 avertissemeuts
789 3557 824 3606 du
835 3556 958 3618 sr-sitge.
978 3558 1012 3606 lle
1030 3557 1054 3604 l'a
1071 3557 1088 3605 il
1106 3558 1154 3607 alla
1172 3557 1187 3605 a

154 3643 311 3708 llaestrtcht,
322 3645 356 3694 oia
367 3644 382 3692 11
396 3643 487 3696 venera
499 3644 537 3695 les
548 3644 658 3706 reliques
672 3645 704 3694 de
716 3644 865 3694 S²·Servais.
884 3643 943 3693 Pois
961 3643 978 3691 il
990 3643 1149 3706 s'emharqua
1160 3652 1187 3693 et

155 3740 269 3781 remonta
290 3732 311 3780 la
328 3731 413 3782 lleuse
426 3729 526 3795 jusqu’a
542 3731 643 3795 lupide,
653 3733 685 3782 ou
701 3745 750 3781 une
763 3730 830 3780 loule
840 3731 1000 3787 nombreuse,
1019 3743 1144 3780 aceourue
1155 3732 1187 3780 de

155 3817 242 3879 stege,
256 3817 280 3868 le
296 3827 368 3882 reput
384 3831 445 3868 arec
459 3818 490 3868 de
508 3819 616 3880 grandes
628 3817 839 3868 demonstratious
854 3818 886 3866 de
896 3815 948 3878 joie
960 3822 986 3866 et
1003 3817 1186 3880 l'aecompagna

151 3905 272 3967 jusqu'au
282 3912 391 3954 couvent
400 3906 446 3954 des
461 3905 609 3956 Chartreur.
622 3904 754 3956 C'dtaitun
765 3902 845 3965 leudi,
863 3902 895 3952 28
911 3902 981 3951 avril.
996 3903 1186 3964 praecoconiis,

154 3991 218 4040 daus
232 4005 261 4039 oa
275 3991 341 4051 Rau,
353 3990 515 4048 Documenta,
527 3996 584 4053 eto,
594 4004 616 4054 p.
627 3990 692 4052 575;
702 3989 818 4039 ducatos
830 3995 856 4039 et
868 3989 975 4048 loaisa,
989 3989 1035 4038 too.
1045 3989 1105 4047 cit).

237 4083 303 4136 utu.
323 4095 472 4137 ouurarus.
529 4159 532 4168 Ι
1088 4078 1104 4134 5
