3102 4914
816 416 1010 514 (ll),

95 568 169 616 uictis
189 569 234 614 dur
252 569 340 629 legatos
352 555 459 616 Carula
471 557 514 638 (l)
529 557 602 631 lilio,
615 575 671 635 per
681 575 752 617 suos
764 557 874 637 legatos
886 557 1078 633 Gulielmum,
1089 560 1262 639 episcopum
1274 563 1388 621 Torua-

118 627 340 744 {gnfiffiffiffinelff
352 675 481 730 oensem,
496 666 527 717 el
539 658 681 718 iacobum
696 651 733 718 de
750 658 908 732 llostende‚
929 659 1081 738 prouincie
1096 661 1234 720 Flandrie
1251 663 1386 724 lleremi·

118 741 340 860 {lfqggffieffiffl
353 768 451 818 terum
468 758 742 838 Sancti-Augustini
760 758 973 837 provincialem
991 761 1161 820 ministrum
1177 761 1232 842 (l),
1249 773 1280 822 et
1297 781 1387 840 quos·

116 864 340 963 fflspl'ssl'plol'e‘ffimfif
353 859 420 919 dam
433 859 518 931 alios,
533 858 588 919 hec
602 859 702 928 omnia
721 859 757 918 ad
776 860 935 937 apostolice
951 859 1035 920 sedis
1053 871 1083 921 et
1102 864 1213 922 summi
1235 864 1386 942 pontilicis

117 974 174 1020 nimi
222 973 340 1038 episcopi,
354 961 435 1020 Pauli
449 961 572 1020 secundi
587 960 734 1021 deducere
749 960 912 1035 notionem,
928 979 962 1020 ac
978 981 1031 1022 sue
1046 962 1198 1022 Sanctitali
1216 964 1387 1044 supplicare

353 1073 385 1122 ut
398 1063 591 1141 prescriptam
602 1063 680 1141 pacis
689 1063 761 1121 inite
773 1061 932 1121 formulam
944 1062 1121 1123 auctoritate
1129 1064 1288 1141 apostolica
1299 1056 1386 1126 robo-

353 1172 442 1236 raret,
454 1165 644 1242 legatumque
655 1163 692 1223 ad
704 1174 803 1240 partes
817 1164 895 1242 ipsas
907 1163 943 1230 de
955 1165 1048 1223 latere
1061 1183 1115 1224 suo
1130 1164 1266 1225 celeriter
1280 1165 1386 1226 miele-

353 1273 408 1338 ret‚
423 1272 477 1325 sue
491 1265 642 1325 Sanctitati
658 1265 854 1326 domesticum
871 1273 901 1324 ct
916 1265 1092 1326 familiarem
1108 1285 1142 1324 ae
1157 1266 1292 1344 partibus
1312 1267 1386 1346 ipsis

351 1377 480 1444 gratum,
496 1366 546 1442 qui
563 1384 666 1444 pacem
684 1365 764 1425 inter
779 1366 950 1444 episcopum
969 1375 998 1426 et
1020 1385 1089 1426 suos
1105 1366 1238 1427 subditos
1258 1367 1386 1428 civitatis

352 1475 382 1526 ct
396 1466 491 1544 patrie
507 1466 674 1526 leodiensis
685 1467 842 1544 apostolica
859 1466 1035 1532 auctoritate
1047 1475 1196 1542 tractaret,
1212 1469 1384 1546 episcopum

350 1587 367 1626 a
382 1586 434 1627 stra
449 1566 560 1627 duritie
575 1578 603 1626 et
616 1567 707 1627 animi
722 1565 924 1627 obstinatione
938 1578 1151 1646 compesceret,
1167 1587 1200 1628 ae
1215 1569 1250 1628 ad
1266 1587 1299 1628 ea
1315 1587 1387 1646 per·

352 1667 478 1729 ficienda
494 1668 650 1729 induceret
664 1687 722 1746 que
737 1669 813 1728 eirea
832 1668 982 1728 interdicti
998 1668 1210 1728 relaxationem
1227 1678 1256 1729 et
1271 1669 1386 1728 civibus

351 1768 408 1828 illis
426 1788 480 1847 pro
504 1781 575 1830 tunc
596 1771 626 1830 in
645 1770 794 1831 civitatem
816 1787 876 1829 nou
896 1769 1074 1830 reducendis
1096 1769 1251 1848 Philippus
1273 1770 1333 1829 dux
1355 1785 1386 1830 et

351 1870 474 1930 Carolus
489 1869 568 1930 iilius
583 1889 639 1948 pro
652 1871 773 1931 comuni
789 1870 867 1930 bono
882 1879 912 1929 ct
933 1889 1005 1949 pace
1024 1869 1207 1944 suadebanl;
1224 1870 1385 1932 offerentes

351 1969 488 2030 seduces
503 1971 570 2049 ipsi,
588 1980 671 2050 pater
686 1980 716 2030 et
730 1969 820 2044 iilius,
835 1968 933 2030 eidem
952 1969 1212 2048 legato-micteudo
1228 1971 1387 2032 efficaciter

351 2071 508 2144 adherere,
523 2091 557 2130 ae
571 2083 631 2131 taut
644 2073 674 2131 in
688 2071 848 2131 tractandis
861 2083 889 2131 et
903 2070 1117 2150 componendis
1132 2090 1221 2148 quam
1237 2090 1387 2149 exequen-

352 2174 395 2234 dis
412 2173 502 2233 rebus
520 2175 603 2252 ipsis,
624 2192 743 2234 omnem
767 2174 966 2234 assistentiam
980 2183 1011 2233 et
1024 2173 1167 2233 auxilium
1189 2177 1386 2252 praestiturus.

393 2279 465 2336 Cum
480 2277 607 2338 lacobus
622 2277 659 2336 dc
674 2276 804 2336 Ostende
825 2267 1013 2355 provincialis
1027 2278 1114 2355 solus
1135 2279 1232 2356 primo
1250 2297 1317 2338 cum
1338 2279 1385 2340 his

353 2376 498 2436 mandatis
513 2376 550 2436 ab
565 2377 637 2453 ipsis
651 2376 847 2454 principibus,
864 2386 948 2455 putre
964 2386 992 2437 et
1008 2377 1079 2450 lilio,
1095 2377 1233 2438 dimissus
1246 2378 1283 2438 ad
1299 2398 1385 2439 sum-

326 2521 328 2526 .
353 2494 433 2536 tuum
450 2475 622 2555 pontificem
642 2477 765 2536 Paulum
785 2479 909 2537 Romam
922 2475 983 2554 jem
1002 2476 1180 2552 devenisset,
1200 2479 1300 2556 paucis
1317 2489 1384 2559 post

96 2587 201 2658 Filippus
212 2585 257 2634 dux
270 2588 342 2634 mori·
352 2577 441 2656 lapsis
457 2576 561 2637 diebus
576 2577 732 2656 Philippus
743 2577 813 2652 dux,
828 2596 891 2638 airu
906 2577 954 2638 die
970 2579 1079 2639 mensis
1090 2579 1167 2656 junii
1183 2580 1254 2639 anui
1267 2581 1383 2653 LXVlJ,

123 2652 168 2704 ¹¹¹¹·
352 2678 410 2738 vita
423 2677 581 2738 defunctus
593 2691 636 2739 est
645 2677 694 2759 (3).
709 2681 777 2738 Post
791 2679 875 2756 eujus
890 2687 1028 2753 mortem,
1039 2678 1117 2738 illico
1131 2679 1296 2739 Guilelmus
1308 2682 1384 2740 Tor-

352 2780 484 2839 uaccnsis
496 2781 654 2858 episcopus
667 2797 720 2857 per
731 2780 878 2852 carolum,
892 2779 996 2854 silium,
1007 2798 1207 2840 strccessorcm
1220 2781 1325 2840 ducem
1335 2783 1382 2858 (ll,

351 2879 386 2939 ad
399 2899 549 2940 summum
566 2879 735 2958 pontificem
750 2879 856 2939 missus
868 2890 913 2939 cst
927 2889 993 2958 post
1003 2879 1145 2939 iacobum
1160 2881 1384 2958 provincialem,
1421 2865 1427 2874 ’

353 2999 406 3058 pro
427 2979 517 3040 rebus
537 2979 633 3040 eidem
654 2979 809 3045 conmissis
830 2980 967 3040 celeriter
987 2980 1178 3056 exequendis.
1199 2981 1263 3053 Qua
1282 2981 1319 3042 dc
1339 3001 1382 3055 rc,

351 3101 418 3142 cum
434 3081 601 3161 periculum
616 3080 728 3158 grande
743 3089 773 3140 ct
786 3080 914 3159 grauitas
932 3081 994 3159 ipsa
1015 3081 1124 3158 negotii
1146 3070 1294 3158 summam
1308 3084 1384 3142 ecle-

383 3341 419 3407 (1)
437 3342 484 3392 Sic.

381 3427 418 3490 (l)
436 3426 577 3477 Guillaume
595 3426 707 3490 Filastre,
724 3425 822 3489 eaeque
839 3426 870 3477 de
887 3427 995 3476 Tournai
1013 3427 1045 3477 de
1065 3427 1128 3476 1460
1146 3429 1160 3477 a
1182 3429 1250 3478 tlte.
1266 3430 1380 3487 Quanta

347 3515 456 3578 tueques
468 3511 604 3562 d'0stende
621 3525 652 3562 ou
673 3511 704 3562 de
724 3512 858 3573 llosteude,
875 3501 920 3562 son
936 3513 986 3562 vrai
1000 3525 1059 3562 acm
1075 3512 1136 3562 etait
1152 3513 1259 3576 lacques
1272 3514 1384 3564 Roudoll

320 3630 321 3634 κ
348 3604 390 3664 (ou
404 3599 529 3662 Raudotl).
540 3599 560 3649 ll
573 3599 633 3649 etalt
645 3599 778 3649 conseiller
788 3599 819 3648 de
829 3598 945 3662 Philipps
957 3599 980 3649 le
991 3600 1048 3648 Bon.
1060 3599 1094 3649 Le
1103 3599 1129 3648 P.
1139 3602 1167 3649 Α.
1179 3600 1383 3650 Keellrolldonne

348 3681 394 3738 sur
410 3687 445 3736 lui
462 3685 585 3748 quelques
602 3685 818 3746 reuseignemeuts
835 3685 898 3734 datis
915 3698 960 3734 sou
978 3684 1091 3735 Histoire
1106 3685 1137 3735 de
1150 3687 1261 3736 l’aactcn
1274 3693 1385 3737 consent

348 3773 393 3824 deo
404 3772 508 3821 ermdee
519 3771 550 3821 de
562 3763 910 3834 Soloe-Aaqosrtn,·srugcs‚
924 3769 996 3827 1869,
1008 3784 1030 3832 p.
1042 3769 1096 3819 195.

381 3856 417 3918 (ὅ)
434 3857 466 3905 Le
476 3855 645 3918 ducPllilippe
654 3855 777 3906 mourut'a
790 3856 885 3916 Bruges
895 3855 917 3905 le
930 3856 937 3902 l
943 3855 959 3904 5
968 3853 1031 3916 juin.

381 3943 416 4005 (l)
432 3941 505 3992 Lisez
517 3941 608 3992 drocis?
