3088 4926
837 461 965 560 (46)

127 756 370 876 *iiiiiiiaeeioeciiariii
491 744 623 807 Articuli
636 744 827 826 reformandi
839 741 947 806 traditi
959 765 1014 827 per
1026 743 1139 806 clerum
1154 749 1181 809 d.
1197 744 1303 829 quoto.

125 885 129 893 ·
141 872 221 931 legato.

424 949 441 984 <t
452 927 496 987 Ad
512 928 642 1004 primum
658 921 832 988 articulum:
849 927 968 986 videtur
980 926 1058 1004 qnod
1074 927 1195 1004 expedit
1209 927 1287 1004 qnod
1297 928 1412 1006 judices
1501 921 1503 928 '
1528 897 1529 914 χ

382 1047 433 1088 εει]
456 1029 574 1090 officiati
594 1029 664 1089 dicti
685 1025 726 1090 ies
748 1025 850 1088 claena
866 1037 895 1087 et
910 1026 951 1088 les
971 1027 1022 1088 siaa
1039 1025 1163 1105 deifera
1178 1027 1304 1089 debeant
1317 1049 1412 1090 rema-

382 1149 453 1190 nere
465 1131 502 1190 ad
515 1130 738 1206 dispositionem
751 1129 843 1188 solam
860 1129 1097 1189 reverendissimi
1115 1128 1228 1188 domini
1241 1129 1412 1192 Leodiensis

381 1241 410 1290 et
430 1230 561 1306 capituli,
583 1228 682 1306 quoad
709 1249 778 1289 suos
793 1229 958 1302 allodiales3
974 1230 1054 1306 qttod
1073 1229 1115 1289 sic
1129 1229 1239 1289 debere
1255 1230 1318 1289 iteri
1341 1250 1412 1311 pre-

380 1331 510 1390 sumitur
525 1331 703 1390 exsecando
716 1331 851 1405 articulo,
866 1349 1019 1408 perquem
1032 1332 1062 1390 in
1074 1330 1265 1390 abolitionem
1274 1331 1410 1409 judicum

379 1432 587 1492 etofficialinm
604 1432 738 1505 civitatis,
761 1431 802 1490 illi
825 1431 862 1492 de
884 1433 1003 1492 civitate
1025 1433 1173 1492 debebant
1187 1433 1228 1514 (l)
1252 1435 1411 1494 restituere

378 1542 473 1593 cartas
488 1543 517 1593 et
534 1533 688 1614 privilegia
705 1552 770 1606 sna,
785 1545 841 1593 etc.

418 1633 461 1692 Ad
482 1634 664 1694 secundnm:
684 1634 803 1706 transit,
819 1634 887 1710 quia
908 1634 1031 1693 sortitus
1051 1644 1096 1692 est
1120 1633 1259 1693 effectum
1286 1643 1315 1694 et
1339 1637 1410 1711 quia

377 1731 473 1795 solum
489 1737 640 1796 concernit
656 1737 807 1795 civitatem
822 1745 851 1795 et
867 1753 927 1794 non
945 1734 1139 1812 prejuditinm
1156 1735 1268 1796 domini
1288 1756 1343 1796 nec
1357 1757 1410 1799 sne

377 1836 520 1896 Ecclesiae.

416 1937 630 2016 etquenam,
648 1958 683 1997 ex
699 1956 758 2015 quo
774 1955 891 1997 merum
907 1935 1067 2012 imperium
1087 1935 1241 1996 dumtaxat
1261 1939 1291 1995 in
1312 1938 1408 2015 patria

377 2038 530 2098 beodiensi
552 2049 664 2115 spectat
679 2037 717 2096 ed
731 2037 886 2096 dominum
906 2034 1110 2108 beodiensem
1125 2048 1184 2096 tam
1200 2055 1236 2096 ex
1256 2037 1408 2098 sentencie

375 2156 451 2216 papa
467 2157 555 2215 qnam
568 2139 638 2198 alias
650 2139 688 2198 de
698 2139 767 2217 jare
779 2146 809 2198 et
820 2137 1025 2215 antiquissima
1038 2139 1272 2198 consuetudine:
1288 2139 1407 2199 videtur

375 2239 455 2317 quod
477 2251 522 2298 est
545 2240 636 2298 solius
655 2238 768 2298 domini
790 2237 958 2298 Leodiensis
978 2237 1146 2316 approbare
1168 2238 1212 2298 vel
1237 2238 1407 2317 improbare

375 2338 606 2399 consuetudines
622 2339 786 2399 secundum
802 2357 875 2415 quas
891 2349 968 2398 esset
980 2337 1187 2415 judicandum.

408 2432 458 2498 ¹Ad
473 2439 628 2515 quintum:
645 2457 704 2499 non
720 2439 839 2499 videtur
856 2436 1017 2498 transibitis
1030 2439 1217 2517 prontjacet,
1228 2458 1282 2498 nec
1294 2439 1331 2501 de
1342 2440 1407 2501 loco

376 2557 430 2598 nee
444 2539 481 2598 de
498 2539 591 2599 iorma
603 2541 783 2619 juramenti3
796 2539 847 2600 sed
863 2539 1017 2599 videretur
1029 2539 1166 2599 sufficere
1179 2539 1258 2616 quod
1269 2540 1407 2618 jurarent

376 2641 405 2700 in
428 2641 491 2700 loeo
506 2641 604 2716 solito,
618 2642 754 2703 videlieet
765 2641 894 2717 capitulo
906 2640 1070 2712 baodiensi,
1078 2639 1163 2717 juxta
1175 2643 1328 2720 antiquam
1344 2642 1407 2703 ior-

376 2759 468 2816 mam;
485 2741 540 2801 hoc
561 2741 662 2802 addito
684 2742 763 2823 quod
784 2741 857 2801 nihil
880 2749 1095 2818 aetemptarent
1114 2749 1167 2800 aut
1180 2740 1352 2817 judicarent
1375 2742 1405 2801 in

376 2842 569 2920 prejuditium
594 2843 707 2904 domini
726 2843 809 2903 ducis
831 2853 861 2903 et
876 2831 1040 2920 patriarum
1055 2859 1179 2901 suarum
1194 2842 1361 2903 Brabantiae
1377 2854 1407 2904 et

375 2943 554 3020 Litnbnrgie.
972 2941 974 2946 ’

414 3044 459 3103 Ad
474 3054 607 3104 sextum:
623 3044 742 3103 videtur
756 3042 836 3120 qnod
851 3043 888 3102 de
903 3051 1018 3104 resorto
1040 3044 1070 3102 in
1087 3044 1181 3121 patria
1197 3042 1352 3104 Leodiensi
1368 3046 1407 3106 sit

376 3146 405 3204 in
421 3145 546 3206 arbitrio
565 3146 703 3224 (propter
719 3145 906 3224 superiorem
924 3142 965 3225 (b)
980 3152 1010 3204 et
1024 3144 1145 3227 regalia)
1162 3145 1407 3207 reverendissimi

374 3245 487 3305 domini
501 3243 680 3305 leodiensis.

414 3345 1407 3426 AdseptimumzmanilesteestgravisetinprejuditinmEcclesiae,

374 3448 458 3527 cujus
474 3460 519 3508 est
530 3448 709 3527 jurisdictio,
722 3466 783 3508 non
794 3448 874 3526 opidi
883 3468 891 3523 ;
904 3460 933 3510 et
948 3448 1289 3528 sie‚propter1nalitiam
1302 3447 1407 3529 populi

375 3559 405 3608 et
419 3548 635 3609 inhabilitatem
653 3547 728 3627 ejus,
745 3541 805 3609 nora
820 3549 910 3610 debet
925 3549 1051 3609 Ecclesia
1065 3549 1124 3630 pati
1135 3549 1284 3628 jacturam
1297 3549 1406 3628 injure

374 3667 437 3708 sue.

408 3891 445 3956 tt)
464 3892 535 3944 Lisez
546 3893 678 3944 debebunt.

407 3977 444 4044 (Ξ)
461 3979 529 4030 Licea
541 3979 752 4043 superioritatem
761 4019 767 4045 ‚
777 3981 918 4030 souverain
926 3981 959 4033 ιε’.
