3088 4926
829 464 957 560 (54)

378 603 545 664 leodiensis
557 604 637 663 intcr
648 622 697 663 eos
710 605 807 683 primu
819 604 986 676 constituti3
998 615 1026 663 et
1039 605 1164 682 insuper
1176 617 1322 682 rogarunt
1333 609 1409 686 lega·

378 714 487 765 tumul
502 705 677 784 impetraret
693 707 807 764 salvum
823 705 1002 765 conductum
1019 726 1035 764 a
1051 706 1174 766 domino
1186 707 1340 766 leodiensi
1354 727 1408 786 pro

376 807 481 886 viginti
497 807 629 886 personis
645 825 680 866 ex
696 806 781 883 ipsis,
795 807 863 882 quia
884 806 1022 866 velebant
1043 807 1081 866 ad
1102 807 1197 886 ipsum
1220 807 1363 869 accedere
1379 820 1408 869 et

376 927 409 968 ea
430 907 529 966 emnia
550 907 579 966 in
603 907 752 985 presentia
774 907 860 984 legati
891 907 986 965 eidem
1007 925 1175 983 exponere3
1203 909 1407 987 supplicantes

376 1007 472 1068 eidem
487 1008 583 1086 legato
599 1021 631 1067 ut
652 1027 711 1067 non
726 1015 903 1084 gravaretur
919 1006 982 1084 ipse
1001 1007 1089 1066 etiam
1105 1008 1245 1068 accedere
1261 1019 1289 1068 et
1306 1028 1407 1068 secum

295 1125 299 1131 ·
372 1111 456 1185 'ipsos
469 1108 579 1168 ducere
590 1109 625 1168 ad
639 1109 664 1167 d.
681 1109 885 1177 bendicnsem‚
897 1116 927 1166 ct
939 1108 1102 1185 impetrare
1115 1127 1168 1187 pro
1181 1109 1223 1168 cis
1234 1110 1360 1187 gratiam
1378 1111 1407 1167 in
1445 1116 1447 1120 ’

375 1213 471 1290 patria
486 1211 672 1283 remanendi,
685 1221 715 1271 et
730 1213 830 1287 ipsum
850 1211 885 1270 ad
902 1211 1050 1270 civitatem
1068 1230 1151 1280 suam
1168 1212 1333 1272 redducere
1347 1215 1407 1290 (1);

376 1315 587 1392 prumictentes
605 1315 704 1373 omnia
725 1332 757 1372 se
780 1311 911 1372 facturus
933 1331 991 1389 que
1013 1312 1060 1371 alii
1083 1311 1161 1371 cives
1185 1312 1316 1371 fecerant
1335 1313 1409 1390 ipsis

375 1414 558 1487 absentibm,
580 1423 738 1492 antequam
766 1413 928 1473 reddirent.
952 1413 1017 1485 Que
1038 1414 1138 1472 omnia
1162 1413 1275 1490 legatus
1298 1413 1408 1489 optulit

374 1514 504 1574 libenter
517 1533 547 1576 se
562 1513 709 1575 iacturum
727 1526 756 1573 ct
770 1523 1015 1592 procuraturum,
1030 1511 1150 1573 et'illieo
1167 1513 1246 1571 misit
1258 1512 1293 1571 ad
1310 1512 1408 1572 ‹lemi-

117 1633 305 1700 nictit-legatus
332 1631 447 1680 adnum
478 1598 668 1676 Leodiensem
698 1634 752 1692 pru
778 1617 859 1674 salvo
879 1615 1046 1686 conductu,
1070 1623 1099 1674 ct
1127 1614 1163 1673 ad
1193 1613 1406 1691 exponendum

171 1703 311 1750 episcopum,
374 1716 552 1777 haeenmnia
574 1715 775 1778 reverendum
800 1727 914 1794 patrem
938 1716 1075 1776 abbatem
1102 1716 1285 1775 'tuitiensem
1313 1734 1405 1793 supra

374 1821 570 1890 nominatum,
585 1837 674 1893 quem
691 1817 815 1878 relaxari
828 1817 889 1894 jam
906 1817 1033 1886 lecerat,
1057 1827 1085 1876 et
1104 1816 1132 1876 d.
1154 1818 1298 1876 loannem
1321 1816 1407 1875 Alth·
1527 1887 1528 1890 Ἴ

376 1919 441 1994 fast,
455 1919 599 1979 decanum
616 1920 645 1978 in
662 1923 756 1978 Mares
770 1917 822 1999 (ἳ),
839 1918 963 1978 diocesis
978 1919 1180 1989 Treverensis,
1198 1917 1407 1994 cappellanum
1477 1958 1480 1961 ι
1527 1957 1528 1982 i

373 2039 471 2087 suum,
487 2029 516 2080 et
534 2021 609 2080 duos
631 2040 665 2080 ex
689 2021 840 2080 canonicis
863 2019 983 2096 majoris
1007 2019 1136 2079 ecclesie
1152 2018 1331 2078 Leodiensis
1348 2018 1413 2090 Qui.
1527 2003 1528 2016 ἵ

299 2135 301 2142 ⁴
373 2133 492 2192 euntes,
518 2120 672 2180 redierunt
692 2122 722 2179 in
747 2121 907 2180 erastinum
930 2139 997 2179 eum
1022 2119 1223 2198 acceptatione
1244 2118 1331 2178 dietae
1353 2139 1409 2198 per

373 2222 527 2282 dominum
544 2220 734 2281 Leudienscm
751 2229 780 2281 et
796 2223 882 2296 pleno
898 2223 978 2280 salvo
994 2219 1159 2292 eonductu3
1178 2230 1208 2278 et
1227 2218 1304 2278 illice
1319 2219 1407 2280 delli-

373 2321 509 2381 bernturn
525 2331 570 2381 est
584 2323 662 2399 quod
678 2323 708 2382 in
725 2323 888 2381 crastinum
908 2321 986 2380 bonu
1002 2339 1088 2380 mane
1107 2321 1301 2398 disponerent
1316 2339 1348 2380 se
1368 2321 1406 2380 ad

372 2423 429 2481 iter
443 2421 555 2501 legatus
573 2442 640 2481 eum
657 2423 796 2505 predictis
811 2421 915 2500 viginti
933 2420 1048 2481 civibus
1064 2418 1275 2480 Lcudiensibus
1298 2438 1404 2480 versus

372 2522 556 2600 Trajeetum,
569 2523 623 2583 vubi
640 2523 798 2603 episcopus
813 2531 878 2581 crat
889 2523 940 2600 (3).

38 2635 44 2638 ·
139 2629 242 2732 Suspicio
256 2636 333 2676 eontra
413 2623 487 2682 Cum
501 2642 567 2683 sero
585 2623 646 2699 jam
662 2635 740 2683 esset
755 2633 784 2682 et
803 2623 917 2702 legatus
932 2621 1050 2700 disponi
1066 2622 1178 2686 faceret
1193 2641 1239 2682 res
1261 2643 1328 2684 suas
1348 2644 1404 2703 pru

194 2693 291 2747 egatum.
371 2742 487 2784 recessu
501 2724 657 2797 matutine,
666 2725 747 2784 venit
761 2724 798 2783 ad
813 2723 943 2802 legatum
956 2720 1076 2797 quidam
1090 2724 1247 2802 religiosus
1265 2724 1321 2784 sibi
1333 2727 1405 2786 satis

372 2823 450 2885 fidus
475 2833 517 2884 ct'
529 2825 719 2898 domesticus,
738 2823 909 2902 significans
930 2823 987 2883 sibi
1017 2825 1145 2902 qualiter
1164 2843 1267 2884 rumor
1286 2837 1350 2886 erat
1372 2829 1403 2886 in

371 2925 488 2985 civitate
500 2926 578 3002 quud
595 2926 659 3003 ipse
675 2924 831 2986 recedebat
843 2925 942 2984 animo
958 2942 1018 2984 non
1031 2925 1194 3001 redeundi,
1210 2936 1239 2986 ct
1254 2927 1404 3004 quodnisi

374 3025 544 3104 provideret
555 3025 591 3085 de
603 3026 694 3104 signis
706 3025 841 3085 redditus
849 3023 902 3104 (d),
911 3034 989 3084 esset
998 3026 1163 3104 periculum
1173 3027 1298 3104 alicujus
1307 3027 1403 3088 futuri

372 3124 511 3194 scandali,
523 3125 599 3184 snrte
613 3144 713 3184 rerum
726 3136 777 3184 aut
789 3143 995 3202 personarum,
1012 3137 1136 3205 prepter
1150 3125 1286 3187 homines
1301 3127 1403 3188 ineer-

372 3235 471 3304 reptos
486 3225 539 3304 (5);
556 3226 635 3286 etita
649 3245 753 3284 verum
770 3244 834 3286 esse
848 3225 988 3305 apparuit
1004 3226 1040 3286 de
1056 3246 1143 3287 mane
1157 3247 1224 3286 cum
1240 3226 1402 3288 receddere

1526 2175 1528 2230 l

326 3526 329 3534 .
402 3490 439 3554 (1)
457 3489 498 3562 Sic
510 3489 711 3551 pourredueere.
724 3488 755 3536 Et
766 3489 797 3537 de
807 3486 897 3548 meme,
910 3489 923 3538 t
936 3488 958 3536 la
969 3489 1036 3552 ligne
1047 3491 1173 3552 sulcante,
1185 3490 1317 3540 reddirent
1335 3505 1399 3554 pour

369 3575 497 3638 redirent,
510 3582 557 3622 cte.
566 3601 599 3609 -
610 3573 677 3622 [teux
690 3573 770 3635 lignes
784 3573 839 3636 plus
851 3574 904 3633 bas,
917 3575 978 3624 lisez
990 3575 1083 3626 obtulit
1094 3589 1127 3625 au
1138 3577 1188 3626 lieu
1201 3577 1233 3626 de
1245 3577 1348 3640 optulit.

404 3663 439 3723 (ἒ)
457 3662 528 3712 Liser
542 3660 634 3710 Maria.
646 3660 752 3725 Merseb‚
761 3661 823 3711 dans
836 3661 859 3710 le
871 3661 1050 3724 grand-duebe
1062 3663 1094 3713 de
1107 3664 1292 3728 luxembourg.

402 3751 438 3812 (5)
457 3748 532 3798 Leuis
544 3747 576 3797 de
589 3748 704 3797 ltourbun
716 3747 799 3798 s'e'tait
810 3747 887 3798 retird
900 3749 913 3797 a
926 3748 1073 3798 Maestriebt
1087 3749 1159 3811 apres
1170 3750 1193 3798 ln
1208 3749 1273 3812 prise
1285 3751 1317 3801 de
1329 3752 1398 3814 buy,

370 3837 393 3887 le
402 3839 433 3887 17
442 3835 586 3898 septembre
597 3833 668 3884 tter.

402 3924 439 3985 (t)
456 3921 528 3971 Lisez
536 3920 644 3978 reditur,
653 3928 679 3968 et
690 3920 744 3982 plus
756 3920 815 3982 lein,
823 3921 940 3970 recedere
952 3933 984 3969 au
996 3921 1045 3971 lieu
1058 3921 1089 3971 de
1100 3923 1243 3984 recedam,
1251 3923 1400 3974 rediturum

370 4024 402 4061 au
415 4011 463 4060 lieu
474 4011 506 4060 de
518 4010 692 4058 redditurum.

404 4097 439 4153 (5)
457 4081 718 4145 tisezt'ncorreetosl
