3126 4906
155 591 400 676 numptiontibus
419 597 467 654 vix
491 595 652 674 prostitere
667 593 768 662 iidem,
790 593 1020 671 doneolegutus,
1041 592 1192 669 aliquibus

154 699 196 760 ad.
206 698 304 757 meniu
316 696 426 757 vocetis
439 696 496 756 sibi
507 696 579 756 nlius
591 699 685 756 Rome
699 695 788 769 notis,
800 694 915 754 detecte
930 694 1004 755 lucie
1018 713 1049 754 se
1063 692 1193 754 exibuis·

155 808 201 858 set
211 799 269 860 illis
281 797 531 877 cognoscendum.
543 799 705 875 Susceptus
720 807 765 858 est
778 796 870 874 igitur
885 796 998 875 legatus
1009 795 1040 854 in
1055 793 1195 875 opidum,

155 899 321 962 multorum
336 907 365 958 et
381 897 535 976 potissime
551 897 797 958 muliercularum
809 895 969 970 lachrimis,
987 896 1033 974 pia
1046 905 1076 956 et
1087 895 1192 957 humu-

154 997 275 1064 nissimu
290 998 424 1058 omnium
436 998 698 1072 conmisorutione‚
710 997 844 1057 remissis
857 996 902 1056 his
913 997 966 1073 qui
979 1013 1048 1056 eum
1059 996 1192 1056 comitati

154 1097 276 1164 luerunt
297 1099 334 1156 ud
351 1116 421 1158 suos
441 1098 578 1158 dominos
601 1098 632 1157 in
653 1097 756 1158 castris
783 1107 953 1168 manentes,
968 1095 1076 1155 debitis
1097 1095 1139 1156 eis
1161 1105 1192 1154 et
1251 1166 1253 1171 ‚

153 1197 404 1258 convenientibus
412 1199 529 1259 donetis
537 1199 702 1279 stipendiis.
715 1197 999 1260 Adveneredcmum
1012 1197 1049 1257 ed
1060 1197 1190 1276 legatum

154 1301 288 1361 cononici
313 1300 389 1360 beuti
410 1301 537 1362 Servutii
552 1300 605 1380 (l),
619 1313 649 1360 ot
662 1301 805 1379 precipue
820 1299 1047 1360 Burtholomeus
1061 1299 1191 1357 decenus

155 1402 361 1480 Engomiensis
375 1401 427 1481 (ἢ),
442 1402 602 1463 offerentes
624 1405 650 1464 ei
674 1404 849 1463 vestimentu
871 1413 900 1462 et
915 1402 970 1461 ulio
990 1401 1026 1459 od
1042 1400 1142 1479 ipsum
1160 1410 1190 1460 et

152 1517 221 1564 suos
237 1505 416 1579 necessario,
430 1505 540 1583 quibus
551 1507 724 1566 omnimodo
735 1505 869 1565 destituti
881 1513 977 1577 erent,
993 1515 1023 1562 et
1037 1503 1076 1562 ob
1094 1504 1189 1576 nives,
1264 1484 1266 1488 ’

153 1603 278 1682 pluvias,
294 1603 404 1680 frigora
420 1615 450 1665 ot
461 1606 523 1666 luta
539 1607 604 1667 sine
621 1607 785 1666 mutatione
796 1607 892 1683 ulique
906 1602 1058 1676 sordidati,
1071 1623 1189 1664 summe
1255 1603 1258 1607 ’

155 1705 353 1768 benivolentia
371 1717 401 1767 et
419 1709 556 1768 comitato
575 1709 612 1768 nd
637 1727 741 1769 eorum
763 1726 865 1768 curum
884 1707 1009 1767 solliciti.
1028 1707 1102 1766 Cum
1125 1704 1189 1764 lere
1268 1781 1270 1786 Ι

153 1808 250 1867 media
271 1827 328 1868 nox
350 1818 440 1881 esset,
458 1810 614 1889 numptius
636 1830 652 1869 u
676 1809 783 1869 leodio
805 1808 973 1885 Trsjeotum
998 1807 1035 1866 ud
1055 1806 1187 1884 legatum

152 1909 250 1980 venit,
276 1919 306 1969 et
327 1927 382 1987 per
402 1928 492 1970 omne
513 1911 636 1988 opidum
660 1912 736 1970 lemn
762 1927 920 1986 consperso
943 1918 988 1968 cst
1013 1905 1189 1966 leodienses

153 2009 359 2086 inruptionem
376 2010 481 2070 iecisse
495 2023 597 2071 contro
612 2010 788 2088 Burgundos
805 2011 1025 2084 maximumque
1039 2005 1188 2066 exereitus

153 2109 237 2170 ducis
262 2122 378 2186 purtem
400 2111 603 2184 interiectum,
625 2111 770 2186 reliquam
790 2128 862 2169 vero
877 2109 997 2188 penitus
1014 2106 1187 2186 profusam:

154 2228 280 2289 mugnus
301 2211 332 2270 in
354 2220 417 2270 toto
431 2210 521 2288 opido
542 2223 640 2271 terror
661 2222 691 2270 et
706 2210 855 2272 conmotio
877 2209 951 2269 lacte
967 2210 1024 2281 est3
1041 2208 1069 2268 id
1085 2217 1187 2267 eutem

154 2311 204 2370 tuli
219 2329 283 2370 esse
298 2311 410 2372 luctum
430 2313 547 2382 ordine,
562 2313 675 2390 legatus
696 2322 763 2388 post
775 2329 882 2391 patruos
897 2311 960 2371 dies
973 2329 990 2369 a
1004 2309 1068 2370 suis
1080 2308 1131 2385 qui
1147 2307 1188 2366 ihi

153 2410 277 2470 ederunt
293 2422 323 2471 et
337 2411 446 2490 captivi
461 2430 477 2470 u
494 2411 663 2489 Burgundis
679 2411 900 2483 detinebuntur,
917 2412 1039 2488 occepit.

194 2515 267 2573 Cum
292 2515 424 2593 primum
454 2515 567 2593 legatus
592 2535 607 2573 u
634 2514 737 2575 castris
764 2514 846 2574 ducis
871 2513 933 2594 (qui
962 2531 1057 2591 prope
1083 2511 1189 2570 civito-

154 2613 191 2673 tis
213 2632 316 2674 muros
337 2626 424 2675 erunt
438 2613 481 2694 (ὅ)
501 2615 699 2686 discessisset,
728 2624 761 2674 ut
787 2632 877 2691 supro
907 2596 1104 2674 memoratum
1134 2619 1189 2684 est,

153 2712 270 2774 divisus·
287 2726 332 2776 est
352 2717 502 2776 exercitus
524 2734 592 2776 cum
615 2716 677 2776 suis
699 2715 825 2801 ducibus
846 2714 883 2774 nd
906 2714 1038 2794 singulos
1061 2711 1189 2789 quisque

152 2815 263 2876 ducum
279 2817 422 2879 'civitates
439 2819 482 2896 (i)
498 2826 597 2896 portes
618 2817 850 2897 expugnandos:
872 2835 940 2894 pers
959 2814 1087 2875 inferior
1102 2813 1187 2891 juxto

153 2917 263 2979 llosam
279 2916 315 2975 ud
329 2927 445 2997 portum
457 2918 718 2982 Sancti-Leonurdi
730 2918 783 2998 (5),
796 2918 945 2996 episcopo,
958 2916 1188 2987 llumbereourt,

152 3016 252 3097 Argue
266 3027 311 3078 est
324 3020 431 3096 Berges
443 3036 511 3078 cum
525 3017 662 3096 pluribus
677 3037 713 3078 ex
725 3018 882 3077 Germanic
899 3015 1073 3089 domicellis,
1086 3015 1188 3075 etnicis

184 3281 221 3344 (l)
240 3279 788 3346 saint-Seruus,collegieledeMaestriclrt.
924 3323 926 3330 ,
1019 3340 1023 3346 ,

172 3364 220 3429 'tlt
239 3367 313 3418 lisez
327 3366 506 3419 Endooientrs.
520 3367 540 3418 ll
552 3383 567 3430 y
579 3369 646 3417 avait
658 3369 672 3418 t
685 3367 848 3431 Eyndlrovcn,
862 3369 924 3419 dans
934 3369 957 3420 le
967 3369 1074 3420 Brabent
1083 3375 1189 3430 septen-

152 3451 254 3512 trional,
270 3462 305 3502 un
323 3453 437 3514 chapitrs
453 3453 485 3505 de
500 3453 640 3506 ehenoiues
656 3453 720 3504 dont
731 3455 759 3504 le
777 3453 907 3506 teudotion
926 3454 966 3505 lut
982 3454 1126 3518 approuree
1143 3467 1193 3516 par-

153 3537 267 3602 l'eveque
284 3540 316 3588 de
333 3539 409 3602 liege
426 3553 457 3590 en
477 3539 548 3590 1599.
564 3538 720 3602 Lepremier
732 3540 827 3603 doyen,
837 3541 982 3592 Guilleume
994 3542 1026 3590 de
1042 3540 1191 3604 liorne,lut

152 3625 277 3687 remplucd
289 3638 334 3688 par
348 3625 499 3676 Barthe'lemi
512 3625 562 3673 Van
573 3624 665 3688 Eycke,
677 3625 721 3688 qui
735 3632 838 3677 mourut
852 3640 907 3677 vers
920 3625 993 3676 llssir
1038 3673 1039 3676 ,
1082 3669 1084 3676 .

184 3712 222 3773 (ὅ)
239 3710 313 3760 Lisez
326 3717 391 3771 erut,
403 3723 437 3762 ou
449 3725 524 3777 que...
536 3715 622 3761 oraret.
975 3731 978 3735 ·

186 3794 224 3860 (l)
243 3796 449 3848 Lisezciot'tatis.
1036 3843 1038 3850 ,
1091 3844 1092 3847 ,

183 3885 219 3948 (5)
238 3885 272 3934 La
287 3884 526 3948 portent-tecnam
540 3897 568 3934 se
578 3885 689 3933 trouvait
701 3883 890 3936 effectivcment
901 3899 933 3936 eu
947 3886 1009 3938 bord
1020 3886 1053 3938 de
1063 3886 1085 3935 la
1094 3885 1190 3949 lleuse,

152 3981 185 4018 ιιιι
198 3981 247 4031 peu
261 3969 317 4033 plus
328 3969 391 4020 haut
402 3983 453 4032 que
463 3970 487 4018 le
499 3969 710 4034 liunt-deplere,
