3126 4906
618 449 775 548 (aaa)

182 589 282 652 aducti
295 591 336 668 (l)
348 598 428 660 sunt,
443 608 501 648 una
513 607 580 650 curu
591 591 695 670 legatis
707 591 927 664 Leodionsium,
942 594 1075 654 comitati
1091 603 1219 657 armato·

184 710 251 754 rum
265 692 393 770 agmine.
417 692 508 750 lirant
529 702 622 752 castra
645 694 744 771 Argue
766 691 804 752 ab
826 703 954 770 utraque
975 706 1061 771 parte
1086 697 1219 774 llyecore

182 791 319 852 iluminis
336 791 398 850 :cis
413 789 526 852 flumen
550 792 670 852 tenebat
693 793 814 869 quidam
838 795 984 855 Antonius
1006 796 1043 855 de
1065 796 1219 872 Salanova,

182 891 291 953 nobilis
308 911 343 950 ex
359 889 525 963 Sabaudia;
546 889 594 950 bic
615 891 712 951 italice
731 893 832 969 lingue
858 893 981 970 peritus,
1004 913 1072 955 curn
1095 894 1219 956 vidisset

183 992 344 1054 intonabas
358 991 444 1068 legati
458 989 617 1051 familiares
627 991 811 1052 iacobum...
822 994 863 1070 (ἓ)
874 994 1117 1069 Cremonensem,
1131 997 1217 1074 legati

181 1093 407 1166 cancellarium,
434 1093 546 1154 loculos
574 1102 646 1154 ante
672 1102 701 1154 et
730 1104 795 1170 post
820 1095 893 1172 equi·
915 1096 1017 1156 sellam
1045 1096 1217 1174 habentem,

182 1204 292 1274 putans
307 1211 445 1272 magnam
462 1179 655 1272 pecuniarum
668 1209 784 1252 summa
795 1192 837 1272 (5)
850 1195 881 1253 in
895 1193 940 1254 bis
955 1195 1085 1268 deferre,
1100 1197 1216 1257 blandis

181 1313 251 1355 eum
267 1293 367 1354 verbis
381 1293 524 1361 alliciens,
544 1303 705 1370 antequam
725 1295 858 1372 llyeoorc
880 1304 1002 1371 pontem
1023 1297 1165 1358 transiret
1184 1299 1214 1358 in

168 1413 267 1484 suam
280 1413 338 1474 qua
350 1394 517 1472 hospitatus
529 1404 592 1456 erat
604 1395 819 1455 domunculam
830 1395 930 1470 duxit;
947 1414 1007 1474 quo
1022 1417 1090 1458 cum
1106 1400 1216 1460 deven-

180 1506 245 1558 tum
266 1506 359 1568 essct,
380 1515 414 1555 co
436 1495 474 1554 ad
495 1505 604 1556 terram
628 1505 793 1575 prostrato,
817 1497 935 1558 sublato
958 1517 1050 1575 equo,
1072 1500 1164 1561 rebus
1186 1513 1216 1562 et

180 1598 315 1676 pecuniis
331 1597 392 1657 suis
407 1595 547 1675 direptis,
562 1595 726 1674 gladiisque
740 1597 776 1656 ad
790 1597 929 1674 jugulum
943 1599 1009 1677 ejus
1024 1600 1167 1678 appositis
1183 1610 1216 1660 ut

179 1698 303 1776 reliquis
319 1698 344 1757 si
359 1714 431 1774 quas
448 1695 571 1756 baberet
582 1706 632 1756 aut
645 1695 735 1755 sciret
747 1697 889 1774 pecunias
901 1698 1055 1778 degetcret
1065 1698 1116 1781 (l),
1129 1702 1215 1762 misc-

180 1797 315 1859 rabiliter
330 1816 492 1857 concussus
506 1808 568 1870 est3
585 1796 740 1857 deserebat
754 1807 783 1858 et
798 1799 863 1876 ipse
876 1799 1004 1860 lacobus
1019 1802 1213 1862 cancellarius

178 1916 280 1959 secum
297 1899 328 1957 in
344 1897 391 1957 his
404 1897 508 1957 loculis
523 1898 622 1957 omnia
638 1896 725 1977 legati
740 1898 849 1976 sigilla,
863 1898 1039 1977 apostolicas
1054 1899 1168 1960 litteras
1183 1912 1213 1961 et

177 1999 249 2059 alias
264 1998 428 2077 scripturas
442 2008 570 2058 secretas
586 1999 623 2058 ad
637 2017 721 2060 suam
737 1999 914 2078 legationem
932 2002 1134 2078 pertinentes:
1154 2021 1214 2079 que

178 2100 277 2161 omnia
292 2099 330 2158 ab
345 2097 392 2158 bis
407 2099 554 2159 violenter
569 2098 665 2160 ablata
680 2111 710 2159 et
724 2099 863 2161 distracta
882 2114 961 2161 sunt.
979 2103 1116 2182 legatus,
1133 2116 1215 2163 tran·

178 2200 235 2262 sito
251 2200 383 2278 Hyccore
398 2197 532 2260 fluminis
548 2212 650 2278 ponte,
664 2219 731 2260 curn
751 2201 816 2260 aliis
836 2202 897 2261 suis
916 2203 953 2261 ad
973 2203 1095 2264 domurn
1115 2206 1215 2284 Argue

135 2373 141 2386 ι
176 2302 285 2362 ductus
303 2312 347 2361 est
370 2313 401 2360 ct
418 2301 449 2361 in
469 2301 654 2378 superiorem
679 2302 744 2379 ejus
766 2314 879 2381 partem
896 2304 1076 2378 conlocatus,
1093 2305 1215 2364 armatis

177 2401 482 2476 circumsistentibus,
497 2402 573 2462 illico
588 2402 727 2462 omnibus
743 2403 827 2481 cquis
842 2403 922 2463 inter
937 2423 968 2464 se
984 2405 1102 2482 partitis
1125 2417 1215 2485 prout

177 2524 232 2585 per
252 2506 330 2565 viam
351 2503 488 2563 vicissim
502 2504 598 2564 sortiti
619 2515 715 2576 erant,
735 2515 765 2564 et
785 2505 939 2564 sarcinolis
958 2522 1094 2565 seorsum
1110 2508 1213 2582 positis

177 2606 214 2667 ad
229 2623 325 2665 unum
340 2603 512 2686 cumulum3
526 2622 655 2681 cumque
677 2622 756 2664 uuus
778 2623 814 2663 en
833 2605 920 2680 legati
943 2604 1139 2665 familiaribus
1160 2609 1213 2682 qui

176 2709 318 2770 deorsum
339 2719 418 2778 erat,
441 2705 504 2766 viso
528 2725 581 2783 pce
603 2703 765 2765 fenestram
788 2707 899 2784 legato,
920 2707 1099 2767 clamasset:
1121 2728 1139 2764 a
1163 2708 1213 2768 Vis

178 2807 262 2871 nobis
276 2808 408 2868 inicitur
422 2817 452 2867 et
468 2807 633 2885 spoliamur
648 2827 677 2878 a,
693 2807 847 2886 respondit
861 2807 994 2889 legatus:
1009 2829 1027 2864 a
1044 2809 1213 2869 Permiotite

177 2912 255 2989 ipsos
267 2910 364 2969 facere
379 2920 409 2968 et
425 2908 517 2967 nolite
529 2906 620 2966 rixari
632 2925 667 2980 »ς
679 2918 708 2965 et
719 2925 882 2967 conversus
893 2908 969 2966 illico
980 2908 1017 2966 ad
1029 2909 1140 2985 eosqui
1152 2908 1211 2967 cir-

153 3043 157 3054 =
176 3009 364 3071 oumstabant
378 3009 513 3068 seniores
528 3008 617 3066 sotios
633 3008 743 3085 Argue,
754 3007 874 3085 juvenis
889 3015 976 3066 aetate
988 3017 1018 3066 et
1030 3007 1208 3086 prudentia:

177 3115 271 3172 «llaec
281 3109 570 3188 est‚inquit‚optinra
583 3108 715 3170 custodia
728 3127 926 3187 personarum
939 3118 970 3169 ct
981 3127 1082 3169 rerum
1097 3118 1210 3170 nostra-

177 3231 274 3275 nrum
290 3230 379 3290 quam
395 3210 515 3290 polliciti
531 3209 616 3284 estis;
632 3209 774 3270 videmini
787 3228 846 3268 nuo
856 3208 897 3288 (b)
911 3226 982 3270 vere
992 3227 1080 3290 agere
1091 3219 1124 3270 ut
1135 3211 1208 3271 recti

178 3390 257 3401 σι.-

208 3501 244 3562 (1)
261 3500 335 3550 biset
347 3500 460 3550 adducti.

206 3587 244 3651 (ἢ)
262 3586 297 3635 lci
309 3599 344 3635 uu
357 3591 410 3635 mot
422 3585 562 3649 sorebarge'
573 3591 600 3635 et
613 3584 723 3634 illisible.

207 3673 242 3736 (a)
261 3671 335 3722 tissa
345 3685 487 3723 summam.

207 3757 242 3821 (4)
261 3758 334 3808 Lisez
347 3758 482 3821 dereperel.

205 3844 242 3906 (5)
259 3843 333 3894 blsez
344 3857 423 3896 atuor.

257 3935 322 3988 utu.
340 3946 491 3990 oneratus.
