3088 4926
402 435 406 440 ·
473 515 476 518 ,
575 412 727 533 (ior)

138 574 260 638 flentem
277 587 306 636 ct
321 575 486 656 supplicem
499 574 591 634 armis
605 573 768 648 invadunt3
783 593 912 654 cumque
930 575 1024 654 ipsius
1044 549 1169 642 comites

139 679 268 759 numptii
284 679 408 758 publici,
426 697 460 738 ac
477 678 580 757 legati,
600 676 732 757 episcopi
754 687 782 738 et
803 678 930 739 civitatis
952 678 1112 742 familiares
1134 695 1169 744 ut

136 797 228 858 supra
249 779 377 840 relatum
399 790 456 850 est,
478 795 547 841 cum
567 777 680 838 baculis
701 785 732 838 et
754 778 886 839 vestibus
912 791 1004 858 prout
1029 790 1168 860 poterant

138 889 305 961 protegere,
319 889 349 940 et
362 880 427 940 illos
441 899 458 939 a
471 878 543 939 cede
557 885 694 939 avertere
708 880 896 941 niterentur:
911 881 1104 945 acclamatum
1123 895 1169 946 est

137 982 176 1042 ab
190 981 248 1042 illis
261 990 308 1056 ut,
323 992 481 1059 postquam
502 979 541 1041 ob
560 978 759 1041 reverentiam
776 980 865 1062 legati
884 989 915 1042 et
932 982 1063 1064 episcopi
1087 985 1169 1065 ipsos

137 1091 365 1155 venerarentur,
381 1097 412 1140 se
427 1079 530 1140 mortis
549 1079 680 1158 periculo
694 1098 755 1140 nou
771 1093 957 1158 exponerent
966 1102 975 1156 3
992 1083 1050 1145 illis
1068 1097 1168 1146 autem
1220 1137 1223 1140 ,

135 1192 282 1260 quantum
293 1191 434 1261 poteraut
447 1179 670 1252 resistentibus,
683 1180 734 1241 sed
749 1181 935 1242 multitudini
948 1182 1096 1246 obsistere
1107 1205 1168 1246 non

136 1283 317 1357 valentibus,
333 1281 574 1343 archidiaconum
591 1281 824 1343 misericordiam
839 1282 1051 1361 implorantem
1065 1287 1168 1349 multis

134 1383 305 1444 confossum
321 1383 496 1442 vulneribus
510 1382 736 1455 interfecerunt,
753 1401 814 1443 non
829 1384 894 1444 siue
908 1384 1044 1446 omnium
1067 1387 1168 1449 visen·
1180 1396 1320 1445 interficitur
1338 1396 1426 1457 magis·

136 1486 210 1546 tium
225 1483 265 1564 (t)
279 1484 409 1546 lacrimis
423 1493 454 1544 et
467 1483 657 1544 miseratione
673 1483 809 1545 maxima.
824 1486 1028 1558 Quamobrem
1042 1485 1167 1568 legatus,

135 1596 169 1646 ut
179 1603 233 1664 par
243 1593 318 1658 erat,
329 1585 406 1645 hanc
417 1603 481 1644 rem
492 1584 613 1663 indigne
628 1583 737 1653 ferens,
750 1593 810 1644 tam
822 1584 861 1645 ob
875 1587 1078 1648 truculentum
1095 1589 1167 1650 laci-

136 1705 194 1747 nus
208 1704 299 1765 quam
316 1684 406 1746 etiam
422 1685 462 1745 ob
476 1685 607 1764 episcopi
619 1684 778 1745 mestitiam
794 1693 824 1744 et
838 1685 984 1762 dolorem,
999 1690 1167 1751 convocatis

140 1785 316 1864 primatibus
337 1785 463 1845 civitatis
484 1793 514 1845 et
534 1802 641 1863 magno
662 1784 773 1862 populo
793 1785 824 1845 iu
847 1802 954 1864 magna
968 1786 1035 1847 aula
1051 1786 1168 1867 episco-

139 1887 212 1967 palis
230 1887 341 1965 palatii,
354 1887 396 1946 cis
411 1884 557 1964 predicari
573 1884 642 1945 lecit
657 1903 712 1964 per
725 1885 901 1964 magistrum
915 1886 1082 1948 Robertum
1097 1889 1170 1949 reli·

135 1990 252 2068 giosum
264 1987 447 2046 carmelitam
459 1985 496 2046 de
506 2003 566 2063 quo
576 2002 677 2063 supra,
689 1994 829 2063 presente
839 1985 980 2063 episcopo
992 1995 1023 2046 et
1034 1988 1172 2068 patribus

136 2087 282 2162 Ecclesia,
297 2087 377 2168 quod
391 2086 449 2148 nisi
465 2105 519 2164 per
530 2084 676 2164 justitiam
689 2085 841 2164 provideri
852 2087 1066 2164 permicterent
1078 2107 1171 2168 super

136 2189 194 2250 hoc
207 2188 339 2248 facinore
353 2196 456 2249 contra
467 2187 626 2248 occissorcs
637 2187 680 2264 (ἓ)
691 2196 752 2248 tam
762 2185 946 2249 honorabilis
959 2189 1016 2249 viri
1029 2200 1059 2249 at
1071 2191 1170 2269 magui

136 2291 264 2354 membri
279 2292 447 2353 leodiensis
464 2291 585 2352 ecclesie
604 2277 815 2364 archidiaconi,
829 2293 859 2352 in
875 2274 955 2370 ipsos
974 2306 1004 2355 ct
1020 2294 1169 2356 civitatem

137 2394 277 2475 pristinas
297 2412 439 2456 censuras
453 2401 483 2454 et
504 2393 660 2455 interdieta
677 2394 890 2472 promulgaret.
910 2395 1109 2456 declamatum
1125 2409 1170 2457 est

136 2495 175 2555 ab
188 2493 487 2572 omnibusjustitium
501 2494 608 2555 merito
623 2493 764 2566 liendam,
784 2494 1017 2571 mandatumque
1033 2496 1063 2556 id
1078 2515 1170 2577 nego-

139 2597 214 2656 tium
224 2607 269 2656 est
279 2594 386 2656 ioanni
396 2595 434 2655 de
444 2594 533 2655 Ruild
545 2594 644 2668 militi,
655 2611 744 2671 quem
756 2596 913 2675 episcopus
928 2598 959 2656 in
975 2615 1029 2657 suo
1043 2596 1080 2656 ad
1095 2597 1169 2658 civi·

142 2704 234 2757 tatem
248 2696 384 2776 ingressu
399 2695 530 2756 villicum
544 2713 597 2755 seu
611 2694 769 2754 scultetum
785 2693 827 2774 (ὅ)
843 2696 1033 2757 leodiensem
1052 2697 1171 2758 iustitu-

142 2809 206 2859 erat
221 2798 330 2877 :hujus
344 2798 475 2859 officium
489 2808 519 2859 et
534 2807 661 2875 potestas
681 2805 725 2857 est
747 2797 985 2859 animadvertere
1006 2801 1037 2859 in
1060 2799 1170 2861 facino·

142 2917 225 2960 rosas
241 2899 377 2960 homines
396 2899 496 2959 taliter
513 2896 729 2976 delinquentes.
744 2898 806 2972 llic,
820 2901 976 2976 questione
993 2909 1112 2980 sumpta
1132 2901 1170 2962 de

142 3001 259 3061 duobus
270 3012 321 3061 aut
331 3001 437 3073 tribus,
452 3010 482 3060 et
495 3001 537 3060 eis
550 3000 582 3061 in
597 3018 746 3062 carcerem
761 3001 909 3080 conjectis,
925 3014 1112 3081 compertum
1125 3013 1171 3064 cst

144 3101 322 3181 principales
333 3119 522 3180 percussores
532 3101 635 3162 abesse
646 3101 677 3162 in
690 3103 833 3180 proximis
847 3102 940 3177 uillis3
957 3103 1171 3165 subtraxerant

143 3211 243 3262 autem
263 3199 390 3278 quedam
411 3211 550 3280 argentea
572 3219 641 3261 vasa
658 3220 716 3279 que
734 3221 835 3263 seeum
851 3221 889 3262 m.
904 3202 946 3284 (d)
959 3204 1108 3265 Robertus
1124 3205 1169 3265 sui

178 3543 216 3607 ll)
233 3544 303 3595 bisez
315 3545 466 3596 videntium.
478 3545 545 3594 Nous
557 3556 634 3594 avons
645 3543 779 3594 reucoutre'
790 3543 894 3594 ailleurs
906 3545 991 3594 visere
1002 3558 1067 3608 pour
1078 3545 1172 3604 videre,

146 3637 196 3682 ele.

179 3713 215 3778 (2)
233 3713 282 3766 Sic

179 3803 216 3865 (ὅ)
233 3801 268 3852 Le
285 3814 397 3866 mayeur,
414 3801 508 3853 officior
524 3803 559 3852 du
576 3802 662 3865 prince
679 3815 742 3865 pour
757 3803 905 3865 poursulvrc
916 3815 947 3853 en
958 3801 1062 3864 justice,
1073 3815 1172 3854 comme

145 3886 268 3939 Ouuirius
280 3887 389 3951 l'aloute.

179 3976 213 4039 ll)
233 3973 369 4038 Mcqister.

1210 1461 1244 1502 ter
1261 1455 1375 1502 liebertus
1390 1467 1426 1500 ar·

1208 1511 1357 1560 chidiacouus
1402 1511 1427 1560 iu

1208 1571 1268 1618 vum
1285 1570 1314 1618 da
1329 1569 1427 1629 tongris

1209 1641 1222 1676 a
1231 1627 1396 1676 leodiensibus
1405 1634 1427 1675 et

1209 1685 1426 1746 provisioperlega-

1209 1752 1257 1849 pm
1278 1743 1339 1791 laeta
1359 1755 1427 1802 super

1226 1815 1260 1850 oc.
