3088 4926
357 547 460 606 lurore
472 546 594 620 incensi,
604 545 763 622 redeuntes
772 545 908 623 plerique
917 545 1135 621 insolentiores,
1143 545 1224 605 leves
1236 557 1266 606 et
1276 546 1387 620 stolidi,

357 647 387 706 in
407 647 537 724 legatum
556 663 591 704 ex
611 663 698 705 eausa
715 644 776 723 jam
797 643 873 704 diota
889 646 1005 706 irruere
1027 645 1213 723 temptabant
1220 665 1229 720 ;
1245 645 1298 706 sed
1312 645 1386 706 civi·

359 749 430 817 tatis,
446 748 587 826 primates
608 755 637 809 et
658 746 819 824 graviores,
841 747 950 805 eivium
971 746 1121 822 ducesque
1143 746 1318 806 bellantium
1338 746 1386 827 (ad

358 867 517 909 numerum
533 849 596 907 lere
610 845 772 926 sexaginta)
787 848 880 925 quiin
898 848 1016 907 civitate
1030 857 1115 906 erant
1129 848 1386 926 supranominati,

357 949 392 1007 ad
409 949 536 1027 legatam
554 947 649 1006 medie
666 959 752 1006 noete
767 947 922 1007 venientes
940 965 994 1025 pro
1009 946 1142 1024 corporis
1161 948 1205 1006 sui
1218 955 1248 1006 et
1262 967 1385 1008 suorum

358 1050 460 1118 tutela,
476 1071 493 1106 u
509 1048 563 1107 beo
578 1049 676 1106 omnia
697 1067 712 1106 a
728 1046 906 1125 quibusdam
922 1047 1038 1106 levibus
1053 1059 1082 1106 et
1098 1066 1188 1126 parve
1207 1049 1387 1108 conditionis

359 1148 430 1207 viris
449 1149 557 1230 jaetatq
580 1166 643 1208 esse
664 1148 760 1225 legato
776 1146 1001 1206 monstrabant:
1017 1165 1145 1224 qnorum
1162 1149 1186 1206 si
1209 1156 1288 1208 tanta
1314 1159 1388 1208 esset

358 1249 516 1309 auctoritas
532 1260 663 1325 quantus
680 1260 708 1307 et
725 1246 819 1320 furor,
836 1246 1042 1326 proculdubio
1058 1266 1186 1325 persone
1201 1267 1254 1308 sue
1269 1249 1387 1329 perieu-

359 1353 419 1410 lum
441 1351 567 1410 iminere
586 1349 826 1428 suspicarentur;
841 1350 892 1408 sed
917 1368 949 1408 se
965 1345 1045 1427 ipsos
1060 1357 1090 1408 et
1107 1349 1179 1410 alios
1202 1350 1296 1410 bonos
1310 1350 1387 1411 cives

359 1460 486 1511 mortem
501 1451 602 1510 subire
619 1462 740 1529 paratos,
751 1469 804 1529 pro
816 1452 911 1530 ipsius
926 1451 1015 1530 legati
1031 1460 1061 1510 et
1075 1469 1199 1512 snorum
1215 1451 1354 1528 presidio.
1370 1475 1388 1508 »

400 1554 443 1614 Ad
466 1554 519 1612 hee
541 1554 654 1632 legatus
679 1573 685 1612 :
712 1577 729 1612 u
755 1573 785 1613 se
808 1573 868 1613 nou
896 1553 1002 1614 timere
1027 1555 1205 1614 rusticorum
1231 1553 1387 1614 bominum

360 1658 462 1738 inanes
477 1655 698 1730 nominationes,
717 1674 751 1714 eu
757 1674 888 1734 peraque
905 1663 937 1714 ut
955 1655 1047 1732 aliqui
1062 1655 1293 1716 introducantur
1306 1656 1343 1715 ad
1358 1676 1388 1716 se

360 1769 393 1817 ut
403 1777 456 1817 suo
467 1757 565 1816 statim
578 1741 716 1816 sermono
729 1766 900 1816 mansuetos
913 1756 996 1816 redat
1007 1755 1048 1834 (l)
1064 1777 1091 1814 a.
1104 1756 1287 1817 Introductis
1299 1758 1390 1838 igitur

358 1857 507 1934 aliquibus
536 1857 565 1915 in
591 1857 689 1915 aeriam
718 1855 860 1932 majorem
889 1855 1059 1914 monasterii
1086 1856 1164 1915 beati
1195 1857 1312 1933 Jacobi,
1339 1858 1388 1918 ubi

359 1959 471 2037 legatus
493 1957 650 2030 residebat,
673 1968 758 2016 noete
780 1955 886 2032 media,
909 1957 984 2016 tedis
1006 1958 1146 2029 accensis,
1168 1957 1223 2019 beo
1238 1971 1267 2018 et
1282 1961 1326 2038 (9)
1340 1979 1388 2020 eos

359 2059 472 2135 legatus
488 2056 589 2116 brevia
605 2057 695 2115 verba
711 2056 816 2116 habuit
831 2076 839 2115 :
857 2079 874 2114 u
890 2057 964 2132 Viri,
985 2058 1093 2119 iratres
1108 2068 1137 2118 et
1152 2059 1216 2132 lilii,
1230 2060 1290 2119 dixi
1306 2060 1387 2120 vobis

361 2181 377 2213 n
399 2178 414 2216 a
436 2157 581 2235 principio
596 2156 710 2217 reditus
726 2157 819 2218 vestri
835 2159 864 2216 in
883 2158 960 2218 hane
974 2159 1133 2234 civitatem,
1151 2159 1176 2220 si
1195 2162 1343 2238 presentia
1359 2171 1387 2220 et

361 2279 377 2313 n
400 2257 514 2317 labores
533 2258 591 2316 mei
610 2258 647 2317 ad
666 2275 769 2337 par-em
793 2257 1007 2318 conficiendam
1030 2259 1113 2318 vobis
1135 2261 1258 2320 molesta
1280 2272 1386 2330 essent,

361 2381 378 2414 n
400 2358 584 2417 dimieterom
598 2359 686 2417 vosin
702 2359 839 2419 manibus
851 2360 957 2420 vestris
971 2369 1001 2420 et
1014 2360 1089 2420 irem
1105 2360 1142 2420 ed
1156 2362 1213 2420 ulia
1228 2363 1346 2441 negocia
1358 2369 1385 2420 et

360 2475 378 2515 >a
401 2460 462 2519 loca
486 2459 559 2518 mibi
580 2460 736 2519 conmissa.
760 2461 894 2540 Rogastis
917 2479 964 2521 me
985 2461 1134 2541 supplices
1157 2472 1190 2522 ut
1214 2481 1332 2540 agerem
1354 2481 1385 2521 ea

320 2543 321 2548 ἵ
362 2584 378 2616 »
401 2579 459 2639 que
475 2561 614 2638 usquein
630 2560 809 2620 hodiernum
826 2561 904 2620 diem
919 2579 1025 2640 magno
1040 2561 1141 2622 labore
1156 2571 1185 2621 et
1201 2581 1318 2622 summa
1330 2562 1385 2622 fide

362 2684 378 2716 n
400 2660 521 2720 conieci.
541 2663 616 2720 Satis
637 2661 731 2722 miror
743 2661 974 2721 inconstantiam
989 2671 1019 2720 et
1034 2661 1228 2722 diffidentiam
1246 2673 1384 2736 vestram,

361 2785 377 2818 n
396 2762 518 2840 jamque
533 2761 696 2822 deteriores
708 2762 778 2822 laeti
790 2765 860 2822 estis
872 2747 1057 2822 Hebreorum
1073 2762 1190 2841 populis
1205 2782 1260 2842 per
1270 2763 1384 2823 deserta

361 2883 377 2917 n
400 2862 590 2940 vagantibus,
620 2862 670 2938 qui
702 2862 790 2922 modo
813 2846 873 2922 Deo
901 2872 931 2921 et
949 2861 1041 2940 Moysi
1072 2881 1158 2922 servo
1182 2862 1247 2939 ejus
1272 2879 1386 2922 summe

361 2983 378 3016 a
400 2961 573 3020 obedientes
585 2971 678 3034 orant,
693 2961 781 3021 modo
792 2981 863 3022 vero
874 2963 962 3041 paulo
975 2972 1040 3040 post
1053 2963 1179 3022 maxime
1189 2975 1383 3023 contumaees.

362 3083 378 3116 a
401 3061 526 3139 Indigne
541 3070 571 3121 et
585 3061 687 3139 inique
702 3059 843 3139 vulgastis
860 3081 914 3141 per
929 3045 1038 3141 plateas
1054 3063 1178 3122 civitatis
1194 3075 1224 3122 et
1239 3064 1318 3124 vicos
1334 3082 1386 3143 per

362 3184 379 3216 »
401 3164 574 3239 episcopum
595 3168 625 3220 et
645 3180 692 3221 me
715 3180 766 3221 vos
790 3161 880 3221 luisse
895 3160 1029 3240 proditos
1049 3171 1078 3222 et
1099 3163 1236 3242 deceptos
1253 3182 1329 3242 :ego
1350 3164 1385 3222 ad

362 3281 379 3316 a
402 3260 457 3320 boo
482 3278 541 3319 non
568 3279 634 3319 som
660 3261 767 3321 missus
792 3270 825 3320 ut
848 3280 900 3322 vos
927 3260 1071 3340 decipiam
1101 3271 1152 3322 aut
1175 3262 1314 3342 prodam,
1334 3261 1385 3322 sed

361 3383 378 3416 n
401 3370 434 3421 ut
449 3378 551 3438 paoem
566 3360 650 3420 vobis
666 3361 774 3421 donem
788 3363 926 3422 celestem
941 3374 971 3422 et
986 3373 1146 3436 terrenam,
1158 3382 1285 3441 quarum
1297 3383 1385 3424 unam

360 3483 377 3516 n
399 3459 468 3520 dedi
488 3469 517 3520 et
536 3460 623 3520 aliam
639 3460 786 3521 indefesso
800 3460 902 3522 labore
918 3463 1074 3541 procuravi
1081 3481 1090 3536 ;
1105 3481 1159 3541 per
1175 3481 1221 3522 me
1238 3481 1297 3523 non
1315 3465 1385 3524 estis

360 3583 377 3616 n
399 3580 455 3620 nee
476 3561 559 3620 eritis
573 3560 706 3640 deeepti3
726 3561 750 3621 si
768 3561 816 3621 alii
832 3579 883 3622 vos
898 3561 1052 3642 decipiunt
1066 3574 1117 3623 aut
1132 3561 1274 3642 produnt,
1288 3573 1319 3624 et
1332 3581 1386 3642 ego

393 3824 429 3886 (l)
448 3825 517 3874 Lisez
528 3826 628 3877 reddat.

394 3914 428 3975 (ἓ)
447 3913 516 3963 Lisez
528 3914 571 3964 ad.
