3102 4914
426 630 510 690 multi
525 648 595 690 vero
608 630 682 690 clam
697 630 735 690 de
750 629 964 708 multiplicibus
983 633 1205 711 gravaminibus
1221 635 1298 695 ultra
1313 637 1453 716 superius

424 731 583 792 nominatis
599 730 808 791 miserabiliter
827 733 932 808 questi,
951 743 1116 795 asserentes
1137 736 1186 812 qui
1208 736 1320 796 litteras
1345 747 1452 798 norant

336 889 338 894 .
424 833 479 892 lroc
490 833 531 892 eis
543 832 717 910 contingere
732 833 811 910 quod
828 833 987 894 Galliarum
1002 835 1188 914 principibus
1204 837 1358 896 civitatum
1373 835 1453 916 apud

422 935 567 994 cesarem
582 933 719 1012 contigit,
735 952 802 992 cunr
818 934 957 994 Ariovisti
977 936 1194 995 Germanorum
1209 936 1297 1016 regis,
1314 938 1365 1014 qui
1383 949 1452 998 tunc
1519 999 1522 1008 ,

422 1035 529 1095 Gallias
543 1033 715 1113 occupabat,
727 1034 861 1094 sevitiam
876 1046 906 1095 et
918 1037 1079 1115 potentiam
1093 1037 1336 1098 extimescerent:
1348 1057 1452 1116 quere·

421 1139 463 1198 las
477 1146 579 1196 eontra
595 1153 668 1204 eum,
679 1135 759 1212 apud
774 1137 910 1196 Cesarem
926 1135 1022 1199 lacere
1034 1138 1130 1213 veriti,
1147 1157 1206 1198 non
1223 1142 1321 1199 minus
1337 1141 1366 1199 id
1380 1158 1450 1200 con·

381 1260 383 1264 ¹
423 1237 545 1297 tendere
570 1244 599 1295 et
625 1234 760 1294 luborarc
785 1234 960 1295 nitebantur
985 1255 1022 1296 nc
1047 1255 1080 1295 ea
1105 1255 1164 1314 que
1189 1236 1333 1299 dixissent
1353 1241 1449 1318 palam

422 1337 682 1414 enumptiarentur
696 1354 785 1411 quam
806 1335 849 1394 uti
868 1355 900 1395 ea
917 1354 975 1412 que
989 1348 1135 1415 cuperent
1153 1339 1360 1417 impetrarent,
1381 1358 1450 1418 pro·

423 1447 523 1516 pterea
545 1436 625 1514 quod
647 1437 671 1495 si
694 1424 912 1514 enumptiatum
935 1448 1012 1496 esset
1026 1456 1178 1497 summum
1193 1440 1224 1498 in
1238 1441 1404 1499 cruciatum
1420 1458 1449 1500 se

422 1547 565 1597 venturos
593 1535 742 1610 videreut3
764 1537 917 1614 potissime
941 1548 1039 1597 autem
1067 1537 1215 1598 intereos
1240 1543 1447 1618 Sequanorum

421 1639 541 1718 gravior
555 1637 750 1714 miseriorquc
765 1637 884 1697 lortuna
901 1647 974 1711 erat,
988 1637 1067 1715 quod
1080 1639 1133 1699 soli
1147 1658 1201 1698 nec
1213 1641 1242 1700 in
1254 1641 1371 1702 occulto
1382 1641 1447 1719 qui·

422 1740 490 1798 dem
509 1739 650 1815 conqueri
673 1757 727 1798 nec
746 1738 888 1797 auxilium
904 1738 1064 1815 implorare
1085 1739 1239 1814 auderent,
1260 1740 1447 1818 absentisque

422 1841 702 1901 Ariovistisevitiam
715 1838 803 1900 velud
816 1839 993 1919 (l)sicoram
1006 1839 1309 1920 essethorrercntlbl.
1320 1842 1369 1902 llis
1378 1859 1446 1921 ergo

422 1941 565 2018 exemplis
578 1941 716 2018 promoti,
729 1940 795 1999 licet
809 1940 909 2017 plures
921 1941 1016 2018 palam
1030 1940 1110 2018 apud
1123 1942 1252 2020 legatum
1268 1943 1446 2020 multiplices

422 2043 556 2120 querelas
567 2049 760 2120 exponerent,
771 2041 818 2099 alii
830 2060 862 2100 se
873 2061 889 2100 a
898 2041 1076 2118 juramentis
1089 2051 1167 2100 metu
1181 2042 1313 2120 prestitis
1325 2043 1448 2115 absolvi,

421 2143 468 2201 alii
491 2142 678 2220 vectigalium
704 2141 887 2200 exactionem
913 2155 943 2201 et
968 2142 1145 2201 solutionem
1172 2142 1319 2214 interdici,
1341 2161 1445 2203 omnes
1540 2145 1541 2224 J

421 2261 490 2302 vero
513 2242 695 2301 unanimiter
720 2260 773 2318 per
798 2243 927 2319 legatum
948 2242 1004 2302 sibi
1033 2241 1165 2302 mandari
1191 2254 1225 2302 ut
1246 2243 1283 2303 ab
1311 2243 1445 2304 ulteriori
1539 2285 1541 2328 2

420 2361 576 2402 murorum
601 2342 791 2402 demolitione
816 2354 967 2404 cessarent
994 2344 1209 2404 instantissime
1238 2346 1446 2424 postulabant3

420 2462 494 2521 quos
507 2461 610 2502 omues
625 2442 738 2502 blandis
755 2453 786 2501 ut
801 2443 904 2503 melius
921 2444 1016 2522 potuit
1031 2444 1130 2504 verbis
1145 2446 1257 2524 legatus
1272 2444 1447 2523 compressit

419 2547 594 2622 animosque
620 2564 722 2605 eorum
747 2545 948 2620 confirmavit,
980 2545 1055 2605 banc
1081 2564 1143 2605 rem
1169 2564 1285 2605 summo
1314 2545 1445 2623 pontifici

421 2648 511 2707 Paulo
525 2666 596 2708 cure
610 2667 673 2708 esse
690 2665 885 2726 magnamque
899 2666 982 2725 spem
1000 2647 1109 2706 babere
1124 2666 1156 2707 se
1171 2646 1276 2707 ducem
1292 2648 1322 2706 in
1341 2649 1446 2707 melius

421 2749 512 2808 multa
535 2749 758 2809 moderaturum
773 2758 803 2807 et
822 2764 946 2807 suorum
966 2747 1090 2824 injurias
1111 2751 1305 2825 represurum
1319 2748 1363 2826 (5)
1378 2765 1445 2806 cnm
1538 2779 1539 2816 5

418 2851 511 2929 ipsius
527 2848 673 2927 pontificis
688 2848 808 2907 maximi
823 2847 1003 2908 sententiam
1018 2857 1047 2906 ct
1063 2847 1246 2907 voluntatem
1258 2847 1445 2926 intelligeret,
1538 2901 1539 2904 ,

420 2967 508 3026 quam
524 2949 586 3025 ejus
601 2949 722 3008 nomine
736 2948 804 3007 duci
820 2947 1009 3027 expositurus
1025 2958 1098 3007 erat.

165 3069 279 3134 necessus
294 3067 361 3127 tegat
381 3065 409 3112 dc
460 3048 609 3127 impulsus
630 3049 723 3125 igitur
743 3049 874 3126 episcopi
896 3057 926 3108 et
946 3049 1016 3108 cleri
1038 3067 1071 3108 ac
1090 3049 1252 3128 primatum
1268 3049 1394 3108 civitatis
1418 3057 1445 3107 et
1537 3105 1538 3112 ,

195 3126 289 3242 {3ssssssssss
328 3137 409 3170 versus
420 3150 598 3229 oppidorum
614 3151 716 3229 populi
733 3150 870 3228 precibus
885 3160 915 3210 et
925 3149 1039 3210 crebris
1053 3148 1308 3228 requisitionibus,
1322 3149 1445 3230 legatus,

420 3261 521 3311 octava
537 3250 585 3310 die
594 3250 673 3328 junii
696 3250 803 3310 Leodio
820 3250 986 3322 discedens,
1006 3269 1074 3310 cum
1090 3251 1150 3311 suis
1165 3250 1324 3310 comitibus
1341 3249 1446 3330 Brugis
1537 3233 1538 3240 ἵ

421 3350 673 3429 proficiscebatur,
690 3351 775 3411 sicuti
792 3351 880 3411 etiam
898 3371 989 3430 super
1011 3351 1098 3410 hoca
1121 3351 1197 3410 duce
1218 3337 1327 3427 scripta
1343 3369 1446 3410 susce·
1536 3427 1537 3434 ἵ

420 3463 517 3530 perat3
533 3451 585 3512 sed
601 3453 686 3512 multi
701 3451 888 3511 diversarum
902 3453 1054 3512 nationum
1067 3451 1293 3520 et1voluntatum
1307 3451 1403 3531 legato
1415 3451 1445 3509 in
1536 3495 1537 3500 η

420 3553 464 3612 via
489 3563 691 3627 occurrentes,
715 3553 813 3630 ipsum
837 3553 925 3612 variis
948 3551 1192 3630 persuasionibus
1216 3569 1232 3610 a
1258 3569 1312 3610 suo
1337 3551 1447 3610 itinere
1535 3549 1536 3604 ἓ

453 3777 489 3842 (l)
506 3777 554 3836 Sic,
568 3790 631 3839 pout·
643 3777 720 3829 velut.
733 3777 837 3826 tilleurs
847 3776 955 3826 l’auteur
967 3777 1030 3826 terit
1041 3781 1107 3840 aput
1120 3789 1182 3838 pour
1194 3775 1274 3838 apud.

454 3864 489 3926 (l)
508 3866 605 3928 Cresia,
616 3863 677 3914 nott.
688 3863 763 3923 Gall,
776 3863 794 3926 l,
807 3865 836 3912 3¹
852 3870 878 3913 et
887 3863 927 3912 52.
939 3863 1069 3922 Arioviste,
1080 3862 1115 3911 roi
1124 3862 1170 3911 des
1183 3860 1287 3925 Suevos,
1297 3860 1385 3908 raincu
1401 3869 1448 3920 par

420 3951 490 4001 tutes
501 3951 576 4000 Ce'sar
586 3964 641 4001 vers
651 3951 699 4000 l'an
708 3951 740 4000 59
750 3955 825 4000 avaut
833 3949 1016 4000 lesus-Clarist.

453 4039 488 4102 (ὅ)
507 4039 579 4088 bisen
589 4051 783 4102 repressorem.
