3088 4926
608 411 737 510 (sei

159 554 239 633 pacis
251 559 409 612 tractatum
422 551 667 623 intermictereut‚
680 551 775 630 legato
789 571 843 631 per
853 552 968 612 litteras
981 555 1188 634 supplicarunt
1202 570 1287 674 petitiol
1302 568 1396 686 gcaitpnm
1432 581 1444 614 a

1289 640 1301 674 θ
1356 663 1361 676 .

162 653 282 714 nonrine
300 652 390 714 totius
411 651 536 710 civitatis
557 661 590 710 ut
607 674 624 709 «
643 661 798 730 postquam
814 653 971 732 episcopus
990 655 1020 713 in
1040 655 1187 716 civitatem

160 753 260 815 redire
274 764 344 814 tunc
356 751 519 826 recusabat,
528 761 704 830 procuraret
713 751 827 832 legatus
840 753 937 813 saltim
947 752 988 834 (t)
999 755 1188 817 securitatem

159 866 190 916 et
214 853 510 916 salvumeonductum
526 871 582 932 pro
600 853 750 931 aliquibus
766 853 892 927 civibus,
908 874 1002 932 usquc
1025 856 1061 915 ad
1082 876 1189 917 nume-

48 989 52 991 ·
160 977 229 1018 rum
253 957 385 1037 triginta,
411 956 461 1033 qui
482 964 546 1015 tute
565 964 688 1034 possent
704 955 832 1034 Tungris
853 955 993 1017 accedere
1013 956 1049 1015 ad
1069 959 1190 1018 conclu·

159 1057 290 1118 dendum
306 1065 464 1118 tractatum
480 1057 559 1135 pacis
566 1055 629 1135 jam
641 1066 772 1134 ceptum,
785 1068 844 1117 tam
862 1076 928 1117 cum
946 1059 1085 1138 episcopo
1100 1078 1189 1138 quam

160 1160 249 1220 etiam
275 1176 341 1218 cum
370 1157 544 1219 officialibus
564 1156 688 1218 ducis».
713 1157 828 1217 Obtulit
850 1157 1014 1218 liberaliter
1035 1159 1191 1238 episcopus

159 1257 455 1320 salvumconductum
473 1276 528 1337 pro
543 1277 574 1317 sc
589 1265 618 1316 et
634 1257 706 1326 suis,
724 1255 776 1317 sed
797 1277 812 1315 a
834 1257 1003 1336 burgundie
1020 1277 1191 1320 assecurare
1227 1239 1230 1263 Ι

160 1380 221 1421 non
243 1370 368 1438 poterat,
391 1359 517 1418 maxime
535 1371 659 1437 propter
672 1357 836 1419 adventum
857 1357 971 1418 domini
990 1359 1133 1418 Guidonis
1154 1360 1191 1419 dc

160 1462 360 1541 Hubercourt,
374 1459 521 1540 generalis
540 1460 771 1520 locumtenentis
786 1459 880 1535 ducis,
896 1461 947 1536 qui
959 1457 1020 1540 jam
1037 1461 1191 1522 dicebatur

158 1563 315 1624 advenisse
330 1581 364 1622 ex
381 1561 475 1622 Mollia
490 1561 527 1622 ad
542 1572 671 1620 castrum
685 1561 722 1620 dc
734 1562 819 1638 Huyo
829 1580 919 1639 supra
930 1562 1192 1640 blosam,quinque

159 1664 251 1724 leucis
269 1663 306 1722 ab
326 1662 429 1723 leodio
447 1661 570 1722 distans.
593 1662 688 1721 Missis
703 1661 796 1740 igitur
818 1679 873 1739 per
893 1661 1022 1740 legatum
1042 1661 1189 1740 adipsum

161 1782 217 1842 pro
240 1763 398 1823 securitate
422 1761 563 1836 nunctiis,
587 1761 685 1840 primo
713 1759 786 1819 nibil
809 1759 973 1839 respondit,
990 1759 1088 1821 denuo
1103 1763 1190 1821 ctiam

162 1865 276 1924 iteratis
290 1863 396 1923 litteris
411 1863 583 1941 requisitus,
595 1861 714 1921 tradere
727 1861 840 1920 litteras
857 1861 1024 1921 securitatis
1037 1864 1192 1922 recusavit.

164 1964 210 2023 Ob
232 1982 322 2040 quam
346 1981 464 2023 causam
479 1963 592 2041 legatus
616 1961 681 2022 vale
710 1962 851 2040 episcopo
878 1961 999 2034 sacione,
1024 1961 1192 2041 Trajcctum

163 2064 422 2125 summodiluculo
438 2072 539 2142 petere
550 2063 708 2133 statuebat,
724 2082 791 2122 eum
811 2062 960 2139 nullajam
973 2083 1041 2142 spes
1057 2074 1108 2124 aut
1121 2075 1194 2124 trac-

165 2173 244 2224 tatus
264 2164 343 2242 pacis
361 2170 540 2242 superesset,
556 2163 732 2240 scripsitque
748 2162 958 2223 Leodiensibus
974 2147 991 2220 a
1007 2161 1194 2225 salvumcou-

164 2266 287 2327 ductum
300 2265 429 2342 optineri
438 2265 479 2344 (l)
492 2283 552 2324 non
566 2265 722 2342 potuisses
736 2264 914 2343 burgundie,
927 2265 983 2324 nisi
996 2265 1194 2346 abepiscopo,

165 2376 255 2447 prout
276 2367 318 2426 rei
335 2351 452 2427 'veritas
473 2373 536 2425 erat
551 2385 584 2439 »3
601 2365 652 2424 sed
673 2369 829 2444 episcopus
851 2365 949 2425 adhuc
970 2385 1055 2426 casus
1077 2368 1196 2427 loturos

164 2480 312 2540 metuens,
322 2469 418 2546 legato
428 2468 519 2528 suasit
529 2477 559 2526 et
569 2466 682 2546 rogavit
695 2490 712 2524 a
727 2478 758 2526 ut
770 2466 862 2527 biduo
873 2468 920 2528 vel
931 2466 1030 2527 triduo
1046 2487 1194 2530 recessum

166 2587 255 2632 suum
274 2567 431 2628 dillerret:
447 2567 587 2628 babuisse
602 2566 681 2627 enim
697 2587 728 2627 se
744 2567 859 2626 litteras
876 2566 913 2627 ab
928 2568 1116 2628 Hubercourt
1131 2582 1197 2647 post

164 2671 292 2732 biduum
306 2670 433 2748 Tongris
448 2671 511 2730 lore
526 2680 685 2729 venturum
703 2687 735 2741 »3
750 2669 900 2729 consensit
910 2680 938 2729 et
951 2670 1057 2729 annrrit
1073 2669 1197 2750 legatus,

165 2772 191 2832 si
217 2771 292 2831 torte
316 2788 369 2849 per
394 2771 457 2849 ejus
481 2768 654 2840 adventum,
676 2771 795 2829 comuni
818 2788 886 2829 cum
913 2771 1052 2850 episcopo
1077 2783 1107 2831 et
1133 2771 1198 2849 ipso

166 2879 286 2948 sumpto
309 2869 475 2947 conloquio,
491 2887 538 2929 res
553 2868 589 2927 ad
605 2869 718 2929 bonum
734 2868 825 2929 finem
846 2869 909 2930 sine
926 2869 998 2930 cede
1013 2881 1042 2930 et
1056 2871 1199 2950 sanguine

167 2971 292 3033 conduci
306 2981 412 3050 posset.

208 3073 262 3132 llic
276 3071 424 3132 dominico
436 3071 512 3129 circa
530 3068 684 3130 meridiem
703 3076 733 3129 x·
749 3069 890 3144 octobris,
911 3069 1006 3130 Guido
1022 3071 1059 3130 de
1081 3071 1198 3131 Hubcr-
1214 3091 1277 3141 Venit
1291 3091 1458 3159 aumencourt

167 3181 254 3234 court
273 3191 340 3232 cum
365 3171 504 3232 omuibus
525 3171 586 3231 suis
608 3171 700 3248 copiis
722 3172 848 3250 Tongris
877 3172 1042 3252 ingressus,
1056 3173 1133 3234 illico
1162 3173 1199 3234 ad
1241 3148 1459 3211 T⁰¹¹⁸f¹⁸³d¹⁰g³'

1242 3214 1318 3255 tumet
1325 3206 1460 3268 episcopum

168 3276 298 3352 legatum
320 3273 402 3333 venit
423 3273 504 3333 omni
530 3272 699 3332 urbanitate
722 3273 827 3346 scetus,
848 3274 1051 3333 excusationes
1070 3273 1200 3335 afferens
1241 3264 1460 3371 ssgffessuvigrffffi

170 3395 225 3437 cur
241 3374 536 3435 salvumeonductum
554 3390 614 3433 non
630 3372 779 3433 dedisset:
793 3396 810 3430 ι(
826 3374 866 3433 nil
877 3374 955 3433 enim
968 3392 999 3433 se
1012 3392 1098 3452 posse
1110 3395 1201 3454 super
1242 3389 1277 3429 ter
1288 3393 1312 3428 sa
1323 3379 1408 3428 pauiu.

168 3477 226 3538 boc
244 3495 333 3556 agere
353 3494 421 3536 cum
442 3475 557 3535 bonore
572 3473 655 3534 ducis
671 3473 844 3553 burgundie
865 3473 977 3534 etsinc
1000 3474 1064 3552 ejus
1085 3475 1200 3553 spetiali

170 3578 326 3646 mandato;
340 3577 400 3636 imo
415 3577 512 3656 palam
526 3576 623 3655 legato
644 3575 805 3635 declaravit
826 3594 857 3634 se
879 3575 909 3635 in
926 3575 1072 3636 mundatis
1091 3576 1203 3637 babere

203 3844 242 3907 (t)
257 3842 332 3894 Lisez
343 3843 444 3893 saltem.

203 3927 238 3992 (Ξ)
256 3929 329 3979 Lisco
341 3927 460 3978 obtineri.
546 3929 555 3940 ‘
