3088 4926
373 585 512 646 pecunias
528 566 698 644 capientes:
715 584 789 642 quos
799 567 912 646 legatus
927 563 1034 626 blande
1048 565 1219 645 objurgans,
1235 567 1351 646 rogavit
1366 578 1398 627 ut

370 687 402 727 ea
423 685 482 744 que
502 676 570 726 ante
592 676 709 745 portam
725 678 811 726 erant
825 676 1015 727 mortuorum
1030 683 1154 745 corpora
1174 677 1400 728 summovereut

371 776 399 830 et
414 767 444 826 in
461 767 631 846 proximum
646 765 856 826 diverticulum
875 767 1044 826 traherent
1037 767 1141 842 ,quod
1160 777 1299 846 prompte
1320 768 1399 828 lece-

371 876 452 941 runt,
474 869 571 946 legato
593 867 736 928 humilem
754 867 951 928 reverentiam
970 867 1133 927 exibentes.
1149 868 1349 945 salutatisque
1368 879 1400 928 ut

60 963 222 1030 loquitur
269 971 357 1038 lagatus
372 970 477 1029 melius
499 970 595 1046 potuit
615 969 718 1047 gallice
740 969 888 1046 aliquibus
911 969 1061 1046 equitibus
1082 971 1132 1046 qui
1155 970 1281 1048 proximi
1305 979 1402 1038 erant,

45 1101 46 1104 “
72 1063 73 1066 “
139 1027 358 1134 ppppprppppcpept
371 1071 485 1149 rogavit
500 1089 549 1128 eos
568 1071 679 1146 legatus
693 1079 722 1128 ut
736 1071 794 1129 cilo
809 1082 1000 1129 accurrerent
1012 1079 1041 1128 et
1052 1069 1090 1127 ad
1101 1089 1132 1128 se
1145 1083 1284 1130 vocarent
1297 1070 1402 1130 Vicen-

47 1159 49 1168 ¹
125 1144 391 1262 {ssssffiibufflffl'
373 1172 445 1231 tium
459 1173 555 1228 Ruren
571 1179 601 1228 ct
612 1171 684 1229 allos
701 1170 905 1230 leodiensium
917 1170 1096 1248 capitaneos,
1112 1171 1253 1246 quoniam
1269 1179 1399 1248 optatam

19 1277 44 1284 “’
371 1289 473 1349 pacem
488 1283 633 1329 eteorum
649 1270 724 1330 illico
739 1269 884 1330 desideria
899 1282 1165 1346 consequerentur,
1183 1282 1275 1349 utque
1291 1280 1321 1330 et
1333 1290 1402 1350 spo·

371 1371 415 1429 liis
431 1380 461 1430 ct
475 1371 545 1428 cede
559 1370 758 1441 abstinerent;
772 1389 977 1448 responsoque
992 1369 1028 1429 ab
1045 1370 1091 1429 bis
1109 1369 1268 1436 Vieentum
1282 1372 1313 1430 in
1327 1370 1398 1430 civi-

372 1483 430 1534 tute
451 1475 643 1544 remansisse,
664 1475 802 1552 solosque
822 1476 968 1536 loannem
991 1473 1113 1532 Dervild
1133 1475 1189 1553 (lt,
1212 1474 1351 1548 militem,
1371 1486 1403 1534 et

371 1578 443 1636 duos
454 1577 562 1636 iratres
577 1575 614 1635 de
627 1576 744 1636 Stralcn
761 1595 797 1635 cr
812 1576 974 1654 capitaneis
989 1575 1102 1646 adesse,
1119 1575 1197 1654 ipsos
1213 1576 1349 1636 celeriter
1362 1575 1400 1634 ad

371 1697 402 1736 se
425 1679 522 1737 vocari
544 1677 710 1749 mandavit;
732 1677 769 1736 ad
791 1696 866 1754 quos
891 1675 1057 1736 evocandos
1083 1675 1253 1736 adolescens
1278 1674 1399 1753 quidum

371 1798 461 1856 eques
476 1778 609 1838 balistam
633 1787 746 1838 tensam
769 1797 857 1838 manu
876 1787 979 1837 tenens
997 1795 1167 1849 accurrens,
1183 1777 1213 1835 in
1229 1776 1400 1854 proximum

371 1882 469 1940 vicum
492 1890 628 1959 repertos
650 1881 794 1940 loannem
811 1895 839 1939 et
854 1880 929 1939 duos
951 1880 1056 1938 fratres
1080 1879 1158 1938 lorte
1177 1897 1246 1938 cum
1265 1878 1401 1938 ducentis
1483 1878 1484 1882 ’

372 1981 578 2059 equitibus,ad
588 1982 713 2061 legatum
726 1981 864 2048 adduxit;
875 1979 985 2058 quibus
996 1980 1107 2058 legatus
1120 1980 1247 2059 benigue
1258 1981 1400 2053 salutatis,

373 2102 425 2162 per
440 2083 637 2160 interpetrcm
654 2082 767 2160 rogarit
781 2093 822 2156 ut,
834 2104 852 2140 ε(
865 2082 904 2141 ob
915 2083 1113 2141 reverentiam
1131 2082 1181 2140 Dei
1197 2091 1227 2140 ct
1239 2082 1401 2160 apostolice

372 2183 450 2244 sedis
465 2185 511 2244 cui
528 2184 645 2263 plenam
667 2184 867 2243 obedientiam
883 2183 992 2243 tot-iens
1007 2183 1099 2242 verbo
1113 2194 1144 2243 ct
1156 2183 1274 2261 scriptis
1291 2183 1322 2242 in
1335 2182 1401 2261 ejus

374 2285 511 2345 manibus
524 2285 649 2365 professi
662 2285 791 2358 lucrant,
800 2285 986 2346 abstinerent
996 2303 1011 2344 a
1021 2284 1091 2344 cede
1102 2296 1133 2344 et
1143 2284 1216 2361 quid
1225 2295 1402 2364 expeterent

371 2386 532 2466 aperirent,
540 2387 680 2464 quonium
691 2387 768 2446 illico
779 2396 1068 2463 consequerentur».
1076 2385 1144 2445 Viso
1156 2386 1254 2446 statim
1266 2386 1361 2465 legato
1371 2396 1402 2445 et

372 2506 407 2548 co
423 2489 591 2562 resalutato,
607 2488 683 2548 illico
699 2488 788 2549 duces
803 2493 950 2548 exercitus
966 2487 1171 2549 leodiensium
1192 2487 1232 2548 ob
1252 2505 1401 2548 summam

373 2590 571 2649 reverentiam
587 2587 729 2666 depositis
745 2606 781 2648 ex
796 2588 892 2667 capite
903 2585 993 2667 galeis
1009 2596 1040 2648 et
1053 2588 1083 2646 in
1100 2598 1208 2648 terram
1224 2589 1287 2648 luto
1302 2586 1399 2665 abjec-

12 2765 15 2768 .
372 2688 419 2759 tis,
430 2689 559 2749 loannes
572 2689 664 2761 miles,
674 2688 763 2766 petita
776 2707 792 2747 a
804 2687 1048 2748 conmilitonibus
1059 2687 1200 2764 loquendi
1208 2687 1336 2762 licentra
1344 2687 1414 2747 hee,

47 2787 49 2790 ’
112 2787 359 2892 ⁸⁰⁸¹'0ssssssssumffipm'
372 2789 537 2868 legatosuo
557 2799 709 2849 eteorum
727 2790 849 2849 nomine
870 2789 901 2850 in
923 2789 1033 2848 ellectu
1052 2788 1229 2867 respondit:
1245 2809 1263 2845 r<
1280 2788 1401 2866 Optime

371 2912 389 2945 n
412 2891 500 2963 nosti,
514 2902 614 2951 sancte
630 2901 723 2970 pater,
736 2899 847 2967 quanta
859 2890 1026 2950 humilitate
1037 2901 1208 2967 quantoque
1220 2889 1318 2948 studio
1332 2908 1399 2969 gru·

371 3014 389 3049 »
412 2992 482 3051 tiam
509 2991 653 3069 episcopi,
681 2990 793 3051 domini
821 2993 930 3060 nostri,
954 2992 1091 3051 obtinere
1115 3002 1145 3052 et
1170 3009 1272 3068 pacem
1297 3009 1399 3050 secum

370 3113 388 3147 >›
410 3088 522 3150 habere
549 3091 647 3151 eonati
675 3110 796 3166 sumus,
826 3092 985 3169 ipsumque
1012 3092 1050 3151 ad
1078 3093 1227 3151 civitatem
1256 3110 1341 3151 suam
1369 3103 1401 3152 et

370 3210 387 3245 o
410 3186 591 3248 subditos
562 3207 610 3267 pre
624 3188 769 3250 fovendos
793 3200 823 3248 et
842 3191 1054 3270 gubernandos
1075 3209 1230 3264 revocare3
1245 3209 1313 3252 cum
1334 3191 1400 3251 aliis

369 3313 387 3347 >a
409 3290 498 3349 etiam
517 3290 597 3368 justa
620 3297 649 3350 ct
671 3291 856 3351 rationabilia
879 3292 958 3369 pacis
980 3292 1107 3352 ledere
1099 3293 1175 3351 inire
1196 3310 1256 3351 non
1279 3310 1398 3352 recusa-

369 3411 386 3446 »
409 3389 516 3451 vinrus
542 3390 686 3464 Quotiens
710 3392 795 3452 nobis
823 3393 930 3453 violata
952 3391 1027 3452 fides
1052 3393 1153 3467 luerit,
1178 3403 1207 3452 tc
1231 3412 1292 3453 non
1317 3393 1397 3455 latet.

369 3490 521 3550 »Inimici
552 3489 646 3550 nostri
670 3492 749 3569 pacis
776 3502 933 3552 tractatum
963 3492 1118 3554 nobiscum
1142 3495 1261 3572 penitus
1285 3492 1399 3553 habere

370 3612 387 3648 u
409 3602 561 3664 recusant3
587 3593 774 3652 securitatem
795 3612 849 3671 pro
871 3612 905 3652 ea
927 3594 1077 3653 tractanda
1103 3595 1225 3673 petitam
1249 3594 1399 3654 obstinate

403 3857 438 3915 (tl
454 3857 515 3906 leun
532 3858 564 3908 de
586 3858 676 3918 Wilde.
696 3858 748 3910 Clr.
765 3859 895 3911 ol-dcssus
915 3874 979 3925 page
996 3862 1084 3911 ta-
1106 3861 1213 3912 Fratres
1227 3861 1259 3912 da
1275 3860 1397 3921 Stralcn,

371 3943 496 3993 Eustacbo
507 3951 534 3993 et
544 3943 646 3995 Gostviu
659 3945 691 3996 de
703 3945 801 3997 Straile.
815 3948 874 4010 Voy.
886 3947 989 4008 ibidem,
1001 3955 1060 3999 note
1072 3950 1095 3999 ὅ
1267 3959 1268 3962 ’
