3088 4926
822 455 952 554 (68)

385 601 414 657 in
430 598 548 658 civitate
564 579 641 673 quod
658 606 755 656 stante
771 597 850 674 pacis
866 604 991 657 tractatu
1010 595 1135 674 prolium
1156 593 1232 652 inire
1254 611 1411 672 presump-

384 699 500 758 sissent.

425 798 598 856 Convocatis
618 797 706 876 igitur
727 797 902 874 primatibus
917 797 1056 870 civitatiS,
1072 794 1262 854 ecclesiarum
1280 789 1413 871 patribus

385 911 414 958 et
430 901 568 958 universo
578 900 707 976 populo,
723 919 893 960 sermonem
914 899 950 958 ed
972 917 1021 958 cos
1043 899 1156 976 legatus
1177 896 1412 955 efficacissimum

385 1000 498 1073 habuit,
514 999 624 1058 eisdem
638 1000 854 1078 interpetribus
867 1009 897 1060 et
907 999 1024 1059 officiali
1039 998 1172 1076 episcopi
1183 999 1212 1057 in
1226 997 1341 1075 vulgari
1353 998 1414 1073 gal-

386 1101 440 1159 lico
461 1101 571 1179 populo
593 1101 814 1176 exponentibus
836 1123 853 1158 c
875 1101 1014 1176 quoniam
1041 1100 1114 1156 inito
1136 1098 1216 1157 inter
1236 1117 1268 1157 se
1292 1097 1414 1157 consilio

385 1201 484 1260 omnia
497 1210 698 1278 acceptarunt,
710 1201 922 1263 submictentes
934 1221 965 1260 se
975 1201 1071 1279 legato
1083 1219 1150 1260 cum
1163 1200 1285 1260 consilio
1296 1199 1416 1278 capituli

385 1320 477 1379 super
499 1301 638 1360 omnibus
659 1303 723 1361 aliis
744 1303 964 1374 controversiis,
991 1313 1112 1380 excepta
1138 1313 1167 1360 et
1192 1302 1270 1360 saiva
1297 1319 1415 1379 semper

303 1445 305 1450 -
387 1403 546 1481 apostolice
558 1401 636 1461 sedis
652 1404 799 1464 sententia
815 1425 842 1465 n.
858 1404 918 1462 llec
928 1404 1026 1463 omnia
1044 1403 1073 1462 in
1088 1403 1206 1481 scriptis
1219 1403 1335 1462 redacte
1348 1410 1416 1461 sunt

133 1510 260 1571 Responsio
285 1512 415 1562 ciuiuuet
440 1503 579 1580 episcopo
600 1502 698 1562 missa.
721 1504 881 1564 Consilium
906 1517 1003 1564 tamen
1022 1523 1180 1563 commune
1197 1503 1332 1561 omnium
1354 1513 1415 1560 erat

387 1625 403 1660 u
420 1615 451 1662 ut
469 1603 696 1663 illossexdccitn
712 1623 812 1663 secum
833 1623 893 1664 non
908 1605 1113 1665 introduceret
1127 1605 1283 1682 episcopus
1298 1603 1329 1661 in
1345 1603 1414 1661 civi-

386 1713 492 1777 tatem3
507 1703 587 1780 quod
603 1705 626 1762 si
643 1706 798 1783 episcopus
815 1724 916 1782 pacem
936 1725 1004 1764 cum
1019 1704 1145 1764 subditis
1159 1703 1219 1764 suis
1238 1703 1314 1761 inire
1328 1721 1414 1761 recu·
1501 1723 1504 1726 ·

384 1815 463 1866 saret
492 1815 521 1864 ct
549 1807 719 1884 Burgundis
750 1819 956 1884 perseveraret
983 1807 1131 1880 inherere,
1159 1807 1187 1864 in
1210 1805 1413 1864 confusionem

385 1914 508 1965 suamet
522 1907 650 1965 Ecclesie
662 1907 862 1966 omnimodam
878 1907 1089 1985 perditionem
1102 1906 1306 1983 supplicavere
1319 1923 1413 1982 popu-

386 2008 430 2066 lns
451 2007 609 2066 universus
624 2019 654 2065 et
672 2007 758 2066 multi
775 2026 810 2065 ex
830 2009 908 2066 clero
924 2017 958 2066 ut
976 2008 1088 2086 legatus
1105 2026 1246 2067 censuras
1261 2005 1414 2064 canonicale

386 2111 415 2166 in
433 2108 605 2184 episcopum
623 2109 826 2186 promulgaret
841 2109 934 2168 editas
950 2119 1052 2168 contra
1068 2109 1231 2168 alienantes
1242 2107 1310 2186 jura
1323 2107 1415 2165 ecclc-

385 2209 495 2266 siarum
516 2202 654 2281 suarum,
672 2227 704 2267 ac
719 2209 796 2286 ipse,
818 2212 995 2269 auctoritate
1009 2210 1168 2288 apostolice
1188 2207 1280 2282 sedis,
1296 2207 1416 2266 nomine

385 2307 444 2366 sd.
455 2327 528 2387 pape
536 2306 736 2384 gubernacula
750 2309 876 2368 civitatis
888 2322 916 2370 et
928 2311 1023 2387 patrie
1034 2311 1064 2368 in
1078 2329 1109 2368 sc
1120 2320 1263 2380 sumeret,
1273 2306 1416 2386 pupulum

303 2455 305 2462 t
385 2407 422 2466 ab
437 2408 683 2486 oppressionibus
709 2411 819 2487 iniquis
842 2423 987 2483 tueretur,
1014 2413 1167 2470 invocaret
1191 2408 1298 2468 auxilia
1324 2407 1417 2467 finiti-

388 2528 504 2569 morum
523 2511 691 2589 principum
707 2512 772 2587 qui,
784 2531 798 2569 a
812 2514 907 2591 legato
923 2531 976 2590 per
987 2512 1134 2588 simplices
1145 2511 1258 2570 litteras
1272 2507 1416 2586 requisiti,

387 2613 417 2670 in
434 2631 537 2672 corum
553 2613 695 2672 auxilium
718 2614 820 2673 venire
835 2613 1068 2686 desiderassent,
1084 2613 1151 2672 sulti
1168 2611 1245 2671 sedis
1259 2610 1417 2690 apostolice

387 2699 571 2787 auctoritate,
586 2712 681 2772 donec
695 2733 718 2773 s.
733 2713 761 2772 d.
778 2733 808 2772 n.
823 2713 860 2773 dc
874 2714 921 2774 his
936 2713 1086 2774 advisatus
1101 2713 1186 2773 aliter
1200 2711 1374 2790 disponeret
1388 2731 1415 2768 n.

388 2813 471 2874 lllulti
483 2814 563 2872 enim
579 2833 615 2872 ex
631 2813 766 2874 finitimis
782 2815 939 2894 Germanic
955 2825 984 2876 et
995 2815 1154 2874 Galliarum
1168 2812 1352 2892 principibus
1364 2829 1418 2890 per

389 2913 539 2993 religiosos
556 2913 634 2972 viros
650 2913 746 2992 legato
761 2933 791 2973 se
806 2913 975 2976 offerebant
990 2915 1126 2975 celeriter
1144 2925 1173 2974 et
1193 2925 1330 2993 prompte
1345 2915 1417 2972 Leo-

388 3013 470 3072 dium
493 3023 635 3072 venturos
655 3015 678 3072 si
701 3034 717 3072 a
739 3015 833 3094 legato
855 3016 1094 3094 requirerentur,
1109 3025 1138 3076 et
1153 3016 1256 3075 cadem
1273 3014 1419 3074 faciebant

388 3116 501 3175 civibus
517 3116 665 3188 intimari3
681 3117 788 3192 quibus
805 3136 858 3194 per
873 3118 1002 3199 legatum
1016 3120 1110 3198 gratie
1126 3129 1188 3177 acte
1206 3128 1236 3178 et
1255 3116 1418 3177 oblationes

388 3226 471 3296 grate
496 3227 646 3295 suscepte,
671 3237 739 3277 cum
765 3231 948 3298 oportunum
974 3220 1066 3280 fucrit
1090 3238 1194 3280 eorum
1222 3211 1420 3278 auxilium'et

391 3319 563 3396 presidium.
1025 3339 1027 3342 ·
1135 3398 1136 3402 ἵ

136 3444 380 3501 utintnerumtegn-
431 3421 628 3498 Opinautibus
650 3412 711 3499 jam
739 3422 852 3482 cunctis
877 3441 981 3482 omnes
1002 3421 1188 3481 difficultates
1214 3421 1279 3482 sore
1304 3420 1420 3479 scdatas

149 3501 380 3620 ᾗξῖιῇξῑξξξξῖζῑυζζζξ
393 3538 553 3598 {lacemque
569 3522 673 3598 procul
695 3521 786 3581 dubio
808 3521 1037 3596 conficiendam,
1052 3523 1224 3600 episcopum
1247 3522 1278 3581 in
1301 3521 1420 3579 civitate

151 3618 316 3665 conventionis.
392 3641 597 3702 regressurum
613 3621 657 3703 (ut
672 3643 776 3684 omnes
796 3625 985 3685 ecclesiarum
1003 3637 1101 3703 patres
1116 3625 1176 3684 suis
1192 3624 1274 3703 apud
1287 3643 1354 3683 eum
1371 3623 1422 3681 lit-

393 3724 462 3785 tcris
478 3724 696 3803 supplicarunt)
710 3725 756 3785 die
771 3733 851 3787 xxvi·
863 3725 1054 3805 septembris,
1070 3726 1179 3787 iterum
1195 3744 1253 3784 una
1269 3743 1337 3784 cum
1352 3724 1421 3800 plu·

394 3824 475 3883 ribus
500 3825 647 3884 canonicis
670 3831 700 3885 et
720 3827 865 3906 religiosis
891 3827 981 3886 exivit
1001 3826 1117 3905 legatus
1142 3817 1178 3885 ed
1206 3812 1419 3886 monasterium

393 3921 564 3984 monialium
588 3926 623 3985 de
645 3928 888 4000 Veteri-vincto,
911 3928 1004 4005 prima
1027 3927 1089 3986 vice
1114 3946 1167 4006 pro
1192 3924 1332 3985 conmuni
1356 3923 1420 3985 loco
