3088 4926
620 505 749 604 (5¹)

173 645 288 724 legatus
308 629 429 724 caperet
452 647 551 725 lugam
573 664 625 723 per
647 646 768 715 Mosam,
792 652 906 703 mutato
928 645 1040 720 habitu,
1064 648 1206 724 quoniam

176 745 353 806 Leodienscs
368 749 479 821 exules,
495 766 549 826 per
564 764 706 805 censuras
720 746 895 824 apostolicas
910 757 940 805 ct
953 747 1025 804 alies
1041 766 1207 825 persequu-

175 847 273 907 tiones
292 849 410 921 irritati‚
429 849 527 927 ipsum
547 865 613 906 curn
629 847 769 907 omnibus
783 847 845 906 suis
867 847 1082 921 interficerent,
1103 860 1133 909 et
1150 849 1208 910 hoc

176 947 305 1008 firmiter
331 949 612 1022 asserentibus3alii
639 968 721 1022 vero,
747 961 776 1034 et
802 949 944 1028 precipue
970 951 1108 1011 monachi
1134 952 1209 1012 sacri

175 1047 310 1124 ejusdcm
340 1052 522 1125 monasterii,
550 1051 607 1111 viri
630 1050 770 1128 religiosi,
797 1050 981 1110 contrarium
1009 1051 1208 1126 allirmabant,

175 1145 308 1210 dicentes
322 1151 451 1230 legatum
468 1171 528 1212 non
544 1151 654 1212 debere
670 1170 724 1210 nec
740 1168 827 1229 posse
842 1150 982 1212 recedere
997 1153 1060 1212 sine
1077 1153 1208 1229 periculo

177 1267 231 1308 suo
259 1260 289 1310 et
312 1271 437 1312 snorum
461 1253 607 1326 omnium,
626 1271 681 1312 nce
701 1271 732 1312 se
754 1252 891 1312 dubitare
913 1253 985 1329 quin
1007 1272 1110 1313 omncs
1130 1255 1208 1314 cives

176 1350 306 1410 eundem
321 1351 376 1412 sibi
393 1351 538 1413 honorem
554 1352 733 1413 exhiberent
748 1371 837 1429 quem
855 1351 987 1412 lacerent
1001 1373 1023 1414 s.
1038 1353 1066 1412 d.
1084 1373 1111 1413 n.
1129 1353 1169 1434 (l)
1184 1355 1208 1414 si

177 1468 309 1527 presens
323 1453 448 1512 adesset.
460 1455 562 1513 Stante
583 1453 638 1513 hac
651 1452 880 1524 concertatione,
897 1461 927 1511 et
946 1451 1035 1511 dubia
1051 1454 1208 1528 sententia,

175 1552 255 1611 idem
272 1553 385 1633 legatus
398 1555 523 1613 retraxit
538 1573 570 1613 se
585 1553 616 1613 in
632 1553 770 1626 ccclesia3
788 1564 817 1612 et
830 1552 934 1612 videns
952 1551 1050 1613 lorum
1063 1567 1091 1613 ct
1105 1566 1209 1632 pontes

174 1651 309 1714 fluminis
332 1653 434 1730 plenos
456 1655 588 1727 armatis,
604 1665 633 1715 et
648 1655 778 1714 sentiens
799 1672 876 1732 pene
898 1673 1002 1713 omnes
1023 1643 1170 1734 fugientes
1192 1675 1209 1715 e

171 1754 294 1814 civitate
313 1755 403 1816 luisse
428 1756 548 1830 occisos,
574 1775 629 1816 nee
655 1757 750 1834 palam
778 1774 833 1814 nec
859 1753 933 1814 clam
961 1756 1025 1815 sine
1050 1757 1208 1816 manifesto

179 1856 310 1934 periculo
333 1874 418 1934 posse
435 1857 593 1915 recedere:
608 1855 777 1916 convocatis
791 1855 932 1915 omnibus
954 1856 1016 1916 suis
1034 1869 1061 1916 et
1078 1856 1141 1917 aliis
1157 1859 1209 1934 qui

178 1975 279 2017 secum
294 1968 389 2030 erant,
404 1957 563 2016 declaravit
580 1958 621 2018 eis
632 1976 662 2017 se
677 1958 753 2017 velle
767 1975 889 2016 manere
900 1977 908 2030 ;
921 1967 950 2016 et
965 1958 988 2017 si
1003 1958 1141 2017 voluntas
1156 1961 1210 2019 Dei

178 2068 256 2117 essct
271 2067 304 2116 ut
317 2056 429 2117 offendi
445 2057 551 2117 debeat
569 2067 622 2117 aut
641 2058 709 2130 ledi,
729 2076 760 2117 se
780 2057 944 2138 praeligere
964 2057 1076 2116 offendi
1099 2059 1130 2116 in
1155 2060 1210 2120 hoe
1304 2101 1306 2103 -

181 2176 264 2218 sacro
284 2159 464 2218 monasterio
484 2169 513 2218 et
529 2177 583 2219 sno
598 2158 714 2230 habitu,
735 2177 824 2236 quarn
840 2158 871 2216 in
887 2159 964 2237 agris
978 2168 1030 2218 aut
1045 2159 1125 2218 silvis
1146 2161 1211 2238 ipso

182 2268 306 2320 mutato.
328 2261 372 2320 Ad
386 2279 476 2338 quam
491 2261 719 2339 responsionem
736 2260 919 2319 reverendus
934 2271 1019 2337 pater
1033 2248 1124 2321 abbas
1139 2263 1211 2321 Tui·

181 2361 285 2422 tiensis
302 2380 369 2420 curn
393 2360 488 2420 tribus
509 2363 604 2434 sociis,
623 2372 653 2421 et
670 2360 810 2421 dominus
825 2362 950 2421 linricus
964 2361 1001 2421 de
1018 2363 1212 2424 Lovcnborch

183 2463 286 2520 doctor
298 2463 349 2538 (i),
361 2462 412 2538 qui
423 2479 549 2521 sccuma
563 2461 711 2540 principio
723 2462 753 2521 in
767 2462 872 2539 Brugis
883 2473 913 2520 et
928 2451 963 2519 in'
974 2460 1079 2520 Leodio
1094 2482 1214 2543 semper

182 2562 311 2628 inerant,
324 2561 399 2620 etde
412 2560 480 2640 fuga
493 2562 588 2639 legato
599 2561 756 2620 eonsilium
772 2559 929 2632 dederant,
942 2560 1083 2620 dixerunt
1095 2581 1126 2621 se
1138 2563 1213 2622 velle

182 2661 322 2723 recedere
335 2663 442 2722 timore
455 2664 567 2736 mortis,
579 2663 697 2722 veniam
709 2663 746 2721 de
757 2681 873 2722 recessu
891 2663 1089 2738 postulantes;
1105 2664 1228 2740 quibus.

182 2765 296 2844 legatus
310 2763 366 2823 hoc
378 2764 474 2823 solum
488 2765 661 2842 respondit:
680 2791 692 2819 ι
706 2764 812 2825 Fuistis
828 2782 943 2823 mecum
957 2758 987 2822 in
998 2763 1122 2843 gaudiis,
1136 2782 1214 2841 nup·

183 2889 201 2923 a
224 2865 274 2926 tiis
286 2875 315 2925 ct
327 2865 479 2938 conviviis
491 2877 520 2926 et
531 2885 611 2925 nnnc
626 2868 656 2926 in
673 2867 867 2926 tribulatione
882 2865 1030 2926 receditis.
1043 2866 1215 2926 Maledictus

185 2990 203 3025 a
226 2965 316 3027 homo
327 2968 378 3046 qui
390 2966 513 3027 conlidit
524 2969 556 3027 in
567 2967 698 3030 homine.
711 2971 754 3027 Ite
765 2969 795 3027 in
809 2986 889 3047 pace.
903 2993 914 3020 ι
933 2967 990 3040 Qui
1002 2967 1078 3026 illico
1089 2986 1217 3028 recesse-

185 3077 266 3128 runt.
286 3067 344 3128 Sed
365 3069 396 3127 in
420 3069 512 3146 portis
529 3068 654 3129 civitatis
670 3070 793 3129 fuerunt
811 3069 904 3148 capti;
919 3067 972 3128 sed
986 3069 1096 3148 cogniti
1116 3080 1216 3146 postea

188 3186 242 3246 pro
263 3167 459 3227 familiaribus
481 3180 511 3228 ct
532 3170 633 3230 amicis
653 3171 749 3248 legati,
770 3169 886 3229 liberati
909 3180 979 3229 sunt
1001 3188 1016 3228 a
1041 3180 1147 3243 morte,
1166 3169 1217 3229 sed

187 3268 294 3347 privati
318 3269 402 3346 cquis
425 3287 529 3329 eorum
553 3271 692 3330 omnibus
714 3271 749 3330 ad
765 3270 879 3346 aliquos
896 3270 970 3342 dies,
989 3271 1083 3330 donec
1104 3271 1218 3348 legatus

188 3359 450 3429 leciteisrestitui.
1053 3359 1055 3364 ⁴

229 3469 393 3545 Inclinante
404 3470 464 3547 jam
482 3470 518 3528 ad
533 3487 668 3529 occasum
691 3470 762 3543 sole,
786 3478 947 3547 antequam
967 3471 1091 3531 tenebre
1111 3490 1220 3548 super·
1233 3490 1307 3540 nictit
1327 3489 1416 3555 legatus
1437 3487 1479 3534 an-

188 3572 328 3630 venirent
348 3571 444 3630 visum
461 3582 505 3629 est
519 3569 615 3649 legato
637 3579 667 3629 et
687 3570 751 3629 aliis
767 3569 818 3649 qui
838 3589 938 3630 secum
954 3581 1039 3630 erant
1059 3582 1093 3630 ut
1115 3572 1219 3631 micte-
1248 3561 1306 3610 ‘¹⁰⁰⁵
1331 3546 1361 3594 ὼ
1381 3558 1430 3594 ⁸¹¹¹⁸
1451 3544 1481 3592 Μ

1248 3620 1275 3654 ca
1292 3603 1481 3653 itaneosexulum

189 3680 297 3731 rentur
311 3671 403 3748 aliqui
417 3670 453 3731 ad
470 3671 580 3742 sorum,
591 3669 653 3747 jam
669 3671 818 3748 repletum
836 3671 968 3741 armatis,
979 3671 1016 3730 ad
1027 3672 1220 3747 conloquium
1249 3620 1372 3712 0¹l⁸l⁰1¹²⁰⁸
1388 3660 1479 3710 infore.

224 3950 261 4012 (1)
277 3948 448 4000 sanctissimo
459 3949 564 3999 domino
574 3954 671 4012 nostro,
685 3949 864 4000 cest-adire:
878 3963 910 3999 au
923 3963 994 4014 pape.

225 4034 262 4096 (tt
280 4035 429 4094 Guitlaumc,
443 4034 508 4085 abbe
518 4034 549 4085 de
562 4034 650 4092 Deutz,
667 4039 694 4084 et
712 4035 787 4109 chri
800 4035 832 4084 de
845 4037 1000 4097 tesenberg.
1013 4035 1223 4103 vopei-dossas,

195 4135 220 4181 p.
230 4119 271 4180 30,
281 4129 360 4171 notes.
