3088 4926
607 401 734 504 (8³)

156 545 225 619 sibi,
240 562 295 622 per
314 544 485 622 numptium
505 543 556 621 qui
574 544 686 604 litteras
705 545 854 620 attulerat,
869 544 1014 606 indictum
1029 547 1141 609 bellum
1156 561 1185 612 et

157 646 258 724 ipsum
268 663 323 722 pro
334 643 418 704 hoste
433 643 606 705 habiturum
617 643 642 704 si
653 653 755 704 contra
771 644 884 720 feccrit,
897 645 967 708 satis
977 656 1092 707 constat
1103 657 1132 708 et
1143 649 1185 729 ll)

159 765 230 805 vera
250 745 407 819 relationa3
422 744 510 804 didici
526 744 630 804 ducam
652 745 728 804 irato
750 745 834 806 vultu
855 745 972 822 dixisse,
988 756 1055 806 cum
1070 750 1186 826 copiam

157 846 263 906 cedula
275 865 329 925 per
340 847 512 925 episcopum
523 846 620 924 legato
631 846 662 906 in
674 844 774 906 Milleu
787 845 893 906 tradite
904 847 1062 926 legissem«
1074 850 1187 929 episco-

159 969 177 1003 a
200 965 256 1025 pus
274 946 344 1007 lacit
361 946 436 1006 lacta
455 965 508 1006 sua
532 947 596 1006 sina
615 964 678 1018 mc,
693 955 722 1006 et
741 965 795 1026 ego
817 946 923 1006 faciam
944 947 1019 1007 lacta
1041 965 1107 1010 mea
1122 951 1187 1012 sine
1238 1015 1240 1019 .

157 1049 225 1128 ipso
241 1069 270 1109 a.
403 1112 405 1116 Α

201 1149 316 1224 Quibus
350 1149 523 1222 intellectis,
557 1149 670 1227 legatus
703 1146 739 1207 ad
775 1149 948 1230 episcopum
981 1170 1142 1214 conversus
1178 1169 1285 1236 :terna
1312 1167 1380 1228 legati
1419 1166 1449 1212 aa

160 1273 178 1310 a
203 1249 356 1322 Putabam,
372 1251 478 1328 inquit,
493 1249 592 1310 verbis
608 1249 660 1309 tibi
676 1267 730 1329 per
744 1267 792 1310 me
806 1250 836 1310 in
849 1253 948 1313 lllillen
960 1252 1045 1312 dictis
1058 1264 1187 1314 mutasse
1250 1237 1390 1288 ⁶⁹¹⁸⁰⁰¹²¹¹¹¹¹'

161 1375 179 1409 »
202 1351 379 1412 senteutiam
396 1359 476 1410 tuam
493 1367 583 1427 quam
599 1349 672 1410 mihi
687 1369 722 1410 cx
739 1350 807 1411 villa
823 1362 872 1411 tua
887 1351 924 1412 de
940 1353 998 1414 Fen
1017 1354 1187 1432 scripseras,

160 1475 178 1509 a
201 1469 260 1529 que
274 1451 377 1511 eadem
392 1460 456 1512 crat
472 1465 561 1529 quam
577 1468 657 1510 nune
668 1448 774 1525 lrabes3
787 1461 817 1510 et
827 1452 907 1529 quud
922 1448 1016 1530 ipsam
1033 1463 1187 1526 mutasses,

160 1573 179 1608 »
201 1571 256 1630 per
275 1552 408 1611 cedulam
428 1551 508 1610 illum
524 1549 596 1610 milri
612 1549 750 1610 traditam
767 1570 820 1631 per
835 1561 863 1610 tc
879 1553 948 1611 satis
962 1553 1097 1614 docuisti.
1113 1553 1142 1614 Si
1158 1552 1188 1612 in

160 1675 179 1710 a
201 1652 326 1714 candem
341 1652 521 1712 sententiam
536 1658 730 1729 perseverare
747 1651 935 1726 intendebas,
952 1661 985 1713 ut
999 1652 1106 1712 ducem
1121 1671 1189 1714 cum

160 1778 178 1812 »
201 1754 334 1816 exercitu
354 1764 510 1832 expectare
525 1753 607 1826 velis,
623 1753 695 1830 quid
716 1771 791 1830 opus
813 1752 911 1812 lucrat
933 1764 966 1824 ut
984 1753 1020 1814 ad
1040 1754 1190 1814 civitatem

161 1878 179 1913 a
202 1873 270 1916 cum
294 1852 483 1928 cedulatua,
507 1863 535 1913 tc
556 1863 694 1931 rogante,
717 1852 904 1915 rediremus?
922 1856 968 1914 llle
994 1862 1024 1914 et
1045 1855 1190 1933 populum

161 1977 179 2012 a
203 1965 288 2015 tuum
310 1953 477 2026 deluderes,
488 1972 522 2012 ac
540 1969 697 2032 personam
717 1971 811 2012 meam
832 1953 934 2012 mortis
952 1954 1083 2033 periculo
1099 1971 1191 2030 expo-

161 2080 179 2114 »
202 2075 309 2130 nercs;
328 2054 408 2134 quod
432 2054 535 2132 utique
557 2054 605 2114 vix
627 2055 798 2129 evasissem,
817 2073 885 2114 cum
909 2063 1050 2133 putarent
1067 2053 1109 2135 (b)
1130 2069 1191 2114 uon

162 2182 180 2215 »
202 2159 297 2220 solum
315 2176 368 2237 per
386 2167 415 2217 te
435 2156 485 2216 sed
502 2175 556 2236 per
573 2174 620 2215 mc
638 2156 727 2217 ctiam
741 2156 806 2216 iore
820 2156 970 2235 deceptos,
985 2157 1042 2217 nisi
1057 2153 1191 2217 testimo-

162 2284 180 2317 »
202 2255 285 2320 nium
307 2263 454 2337 scripture
476 2271 526 2318 tue
541 2259 719 2334 accessisset,
734 2275 770 2320 ex
785 2277 842 2336 qua
859 2268 938 2320 recte
953 2269 984 2320 et
994 2259 1076 2338 juste
1091 2277 1148 2333 me,
1164 2269 1192 2320 ta

163 2384 180 2417 a
202 2379 275 2422 vero
296 2359 504 2420 fraudulenter
527 2357 681 2419 incessisse
697 2358 832 2437 judicant
851 2370 881 2419 et
901 2360 1091 2438 profitentur.
1107 2361 1192 2420 Certe

163 2484 180 2518 a
203 2463 370 2521 inconsulte
384 2469 414 2519 et
429 2460 528 2520 minus
543 2470 623 2520 recte
637 2459 721 2538 egisti
737 2470 769 2521 ut
784 2461 961 2520 sententiam
975 2469 1113 2521 mutares.
1127 2461 1191 2520 Non

163 2583 181 2618 a
204 2559 288 2620 rideo
313 2579 349 2620 cx
372 2560 490 2638 scriptis
511 2559 595 2619 ducis
617 2577 749 2632 sensum,
773 2558 899 2621 verbum
922 2570 975 2619 aut
996 2577 1114 2620 causam
1138 2578 1191 2618 cur

163 2685 181 2720 a
205 2662 391 2742 propositum
417 2671 533 2720 mutare
557 2660 737 2721 debuisses:
761 2661 830 2721 satis
852 2661 978 2721 honeste
1002 2662 1062 2720 dux
1088 2660 1193 2720 scribit

164 2785 181 2818 a
205 2761 321 2840 placere
336 2761 390 2822 sibi
412 2770 446 2822 ut
465 2780 567 2840 pacem
582 2779 652 2821 rum
667 2761 793 2822 subditis
812 2763 870 2822 tuis
886 2760 1005 2834 habeas,
1021 2771 1051 2821 et
1065 2761 1141 2822 nihil
1155 2761 1192 2822 de

58 2896 61 2900 ·
164 2887 182 2921 a
204 2863 295 2925 rebus
313 2864 396 2923 adse
412 2862 634 2942 pcrtinentibus
651 2863 779 2922 inmutes
800 2873 851 2922 aut
869 2863 1030 2942 infringam
1046 2862 1192 2942 potuisses

165 2987 182 3023 a
206 2965 310 3043 utique
320 2965 468 3024 civitatem
481 2960 597 3044 ingredi
611 2971 640 3024 et
652 2963 725 3024 nihil
737 2963 774 3023 de
785 2963 876 3024 rebus
890 2963 927 3022 ad
940 2963 1045 3024 ducem
1058 2971 1192 3041 spectan—

165 3088 182 3122 »
206 3065 285 3127 tibus
313 3066 473 3137 inmutare,
500 3073 592 3142 prout
610 3065 721 3126 ccdula
746 3073 796 3126 tua
822 3065 966 3126 continet.
990 3064 1192 3125 Potuisscmus

166 3189 182 3223 a
205 3167 293 3226 simul
305 3167 448 3226 iuducere
461 3165 605 3245 populum
617 3174 648 3226 et
658 3163 792 3226 emollire
803 3168 917 3225 animos
929 3164 965 3224 ad
977 3164 1192 3242 acceptandum

167 3290 183 3324 u
208 3286 241 3327 ca
264 3285 321 3344 que
341 3264 527 3326 rationabilia
551 3274 651 3326 esseut
676 3263 856 3344 pertinentia
881 3265 967 3339 duci3
993 3265 1192 3343 potuissemus

167 3390 184 3425 ›>
208 3369 309 3441 ctiam,
327 3367 496 3449 compositis
511 3367 638 3429 civitatis
651 3365 752 3439 rebus,
765 3367 854 3427 ambo
872 3365 908 3426 ad
924 3367 1029 3426 ducam
1045 3365 1192 3446 proticisci

168 3491 185 3526 »
207 3470 268 3550 (qui
291 3488 382 3542 nune,
405 3477 438 3529 ut
463 3469 557 3543 vides,
577 3467 707 3528 maximo
727 3467 804 3528 bellu
825 3486 892 3528 cum
918 3469 1100 3527 Francorum
1122 3485 1191 3546 rege

195 3813 231 3878 (1)
250 3813 321 3863 bisea
333 3825 373 3862 ca.

201 3900 237 3965 ti)
254 3901 355 3952 Scilicet
369 3899 525 3950 leodienses.
