3102 4914
171 625 288 685 Applicuit
328 625 416 684 legatus

200 693 254 741 aput
274 682 416 748 lcanusium

201 749 417 845 stitutus&

878 493 890 582 l
918 489 967 562 52
991 495 1005 585 l

428 641 518 709 ponto
537 628 713 688 intermedio
723 628 775 709 (l),
787 628 893 688 ductus
904 639 958 703 cst,
970 627 1197 689 occurrentibus
1208 647 1224 689 e
1235 628 1355 689 civitate
1364 631 1460 690 omni·

428 732 483 792 bus
507 731 662 808 utriusque
683 749 771 790 sexus
792 743 822 790 et
842 740 935 790 status
959 733 1106 809 pcrsonis,
1128 729 1283 791 humiliter
1309 733 1358 811 pio
1385 731 1457 793 fletu

429 850 530 910 pacem
546 843 575 890 ct
590 831 821 890 misericordiam
839 830 1075 908 implorantibus.
1089 831 1126 889 Et
1141 829 1215 890 lacta
1232 830 1272 889 ibi
1289 831 1381 890 trium
1395 832 1460 892 die-

429 951 495 991 rum
513 951 594 990 mom
614 929 650 990 nd
670 931 807 990 ordinem
823 941 853 990 et
868 930 994 990 lornram
1008 931 1098 990 rebus
1110 929 1232 1010 agendis
1244 931 1385 1007 dandam,
1397 930 1461 992 lraec

429 1034 459 1091 in
474 1032 581 1092 ellectu
597 1042 677 1108 gesta
690 1042 771 1090 sunt.
783 1031 1034 1091 Conveniuntibus
1047 1032 1127 1091 enim
1139 1034 1276 1108 sequenti
1288 1033 1337 1092 dic
1349 1034 1379 1092 in
1391 1052 1461 1093 eum

429 1137 527 1195 locum
542 1135 760 1212 episcopocum
774 1134 914 1192 universo
926 1133 1005 1192 clero
1016 1152 1050 1191 ac
1061 1134 1189 1192 maxima
1201 1133 1311 1192 civium
1325 1133 1463 1194 multitu·

430 1237 510 1308 dinc,
518 1235 696 1293 reirerabilis
708 1253 790 1293 sacro
804 1233 949 1311 theologie
961 1234 1064 1292 doctor
1076 1235 1217 1312 magistet·
1226 1234 1386 1309 liebertus,
1395 1236 1466 1295 Leo·

431 1338 542 1396 diensis
561 1336 674 1396 ordinis
693 1338 912 1396 carmelitarum
928 1336 978 1415 (i),
994 1337 1125 1414 episcopi
1145 1345 1175 1394 et
1193 1335 1321 1395 civitatis
1340 1337 1463 1395 nominc

432 1439 522 1498 latino
537 1455 687 1509 sermone,
701 1437 867 1496 Alcxandcr
879 1437 962 1494 baral
975 1436 1017 1515 (5)
1029 1435 1143 1514 irrigari
1158 1436 1274 1515 gallico,
1287 1454 1321 1494 ac
1334 1436 1463 1496 lodocus

431 1539 468 1599 de
489 1538 617 1611 Marcha,
638 1537 770 1598 ollicialis
794 1537 962 1596 leodiensis
981 1534 1032 1614 (l),
1057 1537 1192 1596 omnium
1219 1536 1411 1596 ecclesiarum
1435 1546 1465 1596 et

431 1643 532 1720 populi
548 1640 678 1715 nominc,
692 1639 822 1718 insignes
837 1639 968 1699 habuere
980 1656 1133 1698 sermones
1146 1650 1176 1699 et
1188 1640 1339 1699 orationes
1351 1638 1464 1700 adrem

430 1745 524 1823 ipsam
546 1761 677 1820 congrue
702 1743 898 1820 pertinentes,
922 1752 1133 1817 cognoscentes
1155 1749 1186 1802 ct
1213 1741 1339 1801 latentes
1362 1760 1467 1801 eornm

430 1854 529 1904 reatus
549 1855 578 1903 et
593 1856 716 1922 propter
730 1843 961 1903 inobedientiam
985 1843 1021 1901 ad
1041 1844 1231 1920 apostolicum
1252 1843 1352 1902 sedem
1374 1843 1467 1902 multa

433 1947 598 2016 incomoda,
613 1945 793 2004 calamitates
808 1955 837 2004 et
851 1945 979 2021 dampna
1001 1944 1092 2004 luisse
1107 1963 1278 2023 perpessus;
1295 1943 1380 2022 cujus
1398 1963 1468 2003 sen-

437 2047 528 2106 tentie
544 2057 573 2104 et
589 2043 744 2112 mandatis,
761 2055 818 2102 tam
840 2045 988 2122 pontilicis
1004 2045 1124 2104 maximi
1142 2063 1231 2122 quam
1253 2045 1348 2122 ipsius
1369 2044 1473 2121 legati,

438 2146 590 2206 humiliter
618 2165 648 2204 se
678 2145 827 2222 parituros
859 2146 1086 2223 spoponderunt
1117 2146 1243 2225 publicis
1268 2145 1467 2205 documentis.

438 2248 581 2325 Episcopo
610 2264 729 2323 qnoque
757 2263 823 2303 cnm
848 2246 890 2306 cis
916 2258 944 2305 ct
970 2266 1024 2326 pro
1047 2248 1090 2306 eis
1115 2247 1311 2325 supplicante,
1336 2245 1465 2324 genibus

437 2348 525 2407 ctiam
543 2346 636 2419 ilcais,
649 2346 765 2404 veniam
782 2365 835 2424 pro
847 2347 1000 2406 conmissis
1012 2349 1086 2421 dari,
1101 2347 1293 2407 interdictum
1309 2364 1464 2405 sacrorum

438 2449 574 2520 relaxari,
589 2451 700 2506 clerum
723 2459 752 2506 et
771 2448 947 2526 populumu
970 2450 1104 2509 censuris
1123 2449 1245 2523 absolvi,
1268 2448 1471 2527 penitentiam

436 2552 596 2610 salutarem
609 2548 733 2628 injungi,
744 2568 777 2606 ac
792 2548 847 2607 sibi
863 2549 899 2609 dc
913 2549 1057 2624 omnibus
1070 2549 1289 2621 inobedientiis,
1304 2548 1420 2607 damnis
1437 2558 1467 2607 et

437 2651 554 2728 injuriis
572 2652 658 2728 plone
669 2651 850 2710 satisfactum
867 2670 931 2710 csse
948 2650 1064 2728 publice
1078 2651 1259 2721 affirmante;
1275 2669 1330 2727 pro
1344 2650 1466 2710 civitate

439 2753 589 2813 leodiensi
606 2765 635 2812 et
649 2751 788 2812 omnibus
806 2753 869 2812 aliis
884 2753 990 2831 opidis,
1002 2753 1081 2812 clero
1095 2763 1124 2813 et
1140 2753 1260 2831 populo,
1274 2753 1326 2831 qni
1342 2762 1466 2811 senten·
1539 2767 1540 2770 ’

439 2856 484 2914 tiis
499 2866 529 2915 et
542 2856 677 2915 censuris
694 2855 861 2933 apostolicis
882 2865 912 2914 et
933 2857 995 2915 aliis
1019 2857 1103 2935 penis
1123 2855 1232 2915 irretiti
1252 2867 1346 2926 erant,
1368 2872 1466 2930 nsque

437 2956 472 3013 ad
489 2957 632 3033 integram
648 2955 877 3017 satisfactionem
893 2957 1027 3016 omnium
1048 2957 1165 3034 publico
1178 2957 1267 3016 etiam
1283 2955 1465 3014 documento

437 3057 596 3134 promisit:
613 3057 692 3116 inter
715 3076 788 3134 quas
814 3076 872 3115 tina
892 3057 1012 3136 grandis
1033 3056 1172 3136 obligatio
1193 3067 1274 3117 extat
1295 3057 1464 3137 octuaginta

438 3157 550 3216 milium
568 3156 750 3217 lloronornm
772 3159 848 3230 auri,
867 3159 896 3218 in
920 3158 1087 3218 subsidium
1108 3158 1250 3219 catholice
1270 3158 1339 3217 fidei
1361 3168 1466 3218 contra

470 3425 505 3484 (l)
523 3423 570 3472 Sur
583 3423 604 3471 la
618 3422 769 3472 Chartreuse
788 3422 819 3472 de
831 3422 915 3486 Liege,
933 3436 988 3486 roy.
1009 3423 1031 3472 le
1047 3424 1074 3474 P.
1092 3424 1232 3487 Sruaaam,
1253 3423 1376 3472 Me‘moiro
1391 3437 1465 3487 pour

435 3509 521 3559 servir
531 3507 548 3558 d
561 3507 685 3558 l'ltt'sloire
695 3510 858 3572 monastique
868 3510 903 3558 dn
913 3523 978 3573 pays
990 3511 1020 3560 dc
1034 3509 1113 3574 lidpc,
1126 3520 1143 3562 t.
1159 3509 1176 3568 l,
1188 3525 1211 3572 p.
1222 3511 1262 3560 61.

468 3594 504 3660 (11
522 3596 552 3645 le
563 3595 610 3644 n’ai
623 3609 655 3657 pn
668 3608 707 3646 me
716 3609 837 3657 procurer
845 3608 927 3647 aucun
938 3597 1140 3658 renselguement
1150 3611 1194 3646 sur
1203 3610 1232 3646 ce
1246 3609 1410 3660 personnage.

469 3681 504 3745 (ὅ)
522 3680 662 3729 Alexandre
673 3680 773 3740 Boram,
786 3680 890 3732 echeria
899 3682 931 3730 de
940 3680 1023 3744 Liege.
1031 3681 1103 3745 (Voy.
1115 3681 1137 3730 le
1146 3681 1247 3732 Rectrerl
1256 3681 1410 3747 beroldipne
1419 3685 1466 3733 des

436 3768 625 3830 bourpmestres
636 3767 667 3816 de
676 3766 758 3830 Lidpe,
768 3781 810 3829 pp.
821 3768 877 3826 181,
889 3766 955 3830 ¹82.)

468 3854 504 3915 (l)
522 3853 592 3904 losse
603 3867 635 3904 ou
645 3853 733 3914 ludeo,
742 3861 824 3904 comte
833 3854 865 3904 de
878 3854 912 3904 ba
924 3855 1016 3914 Marcii,
1029 3856 1174 3905 docteureu
1185 3856 1260 3911 droit,
1273 3855 1313 3904 lot
1326 3869 1386 3918 recu
1399 3857 1466 3906 clia·

437 3939 551 3988 uoinede
564 3939 724 3989 st-Lambert
738 3941 760 3989 le
777 3939 808 3988 lll
823 3942 927 3991 octobre
945 3942 1015 3992 llll.
1029 3942 1101 4006 (vop.
1116 3957 1145 3990 on
1163 3943 1263 4006 Tacui,
1276 3956 1317 4006 op.
1330 3947 1379 4002 cit..
1394 3950 1410 3992 t.
1426 3944 1467 4008 ll,

437 4038 452 4086 p
472 4025 539 4085 ilii
