3126 4906
323 608 438 660 secreto
461 595 583 656 consilio
608 592 701 666 ducis,
726 610 831 652 omnes
848 593 1051 653 marescallum
1070 603 1248 656 excusantes
1266 595 1359 672 quod,

325 721 343 758 u
359 697 415 759 nisi
435 696 540 758 fuisset
559 694 707 756 exercitus
721 712 792 754 cura
810 702 840 752 et
854 693 1010 754 custodum
1024 713 1057 754 ac
1069 695 1238 774 vigiliarum
1252 695 1358 774 dispo-

325 801 403 876 sitio,
423 817 484 860 non
503 798 656 859 dedissent
673 797 771 875 legato
790 794 882 873 hujus
896 796 1012 858 itineris
1027 797 1172 873 laborem,
1185 796 1238 859 sed
1253 816 1359 860 omncs

325 899 522 980 personaliter
535 899 572 959 ad
583 898 682 978 ipsum
693 896 937 958 convenissent».
948 896 1078 978 llancll)
1086 897 1257 959 rationabili
1266 917 1359 958 excu-

323 1003 438 1064 satione
462 1019 518 1081 per
541 1001 671 1080 legatum
695 1008 779 1079 grate
804 1009 950 1078 suscepta,
971 1000 1002 1059 in
1028 999 1219 1061 secretiorem
1249 999 1359 1060 domus

325 1114 440 1184 partem
472 1121 576 1163 omues
599 1101 630 1162 in
659 1099 816 1161 consilium
838 1101 1043 1178 convenimus,
1062 1102 1242 1163 intromissis
1267 1103 1360 1162 etiam

324 1204 530 1265 leodiensium
551 1200 654 1281 legatis
674 1202 726 1280 qui
748 1219 803 1262 nos
828 1201 948 1262 lucrant
967 1204 1100 1280 sequuli;
1117 1204 1155 1263 ad
1169 1221 1244 1281 quos
1259 1204 1360 1281 primo
1429 1278 1432 1281 Ι

323 1304 514 1365 marescallus
533 1320 708 1376 conversus,
726 1302 874 1362 dmelium
896 1300 959 1383 (qui
979 1303 1095 1381 primus
1117 1304 1197 1364 inter
1217 1323 1268 1364 eos
1283 1311 1359 1379 erat)

324 1406 409 1484 prius
423 1404 634 1484 interpellavit,
649 1403 821 1481 interogans
838 1424 855 1459 u
870 1403 1014 1478 quidnam
1030 1403 1207 1465 leodienses
1222 1405 1359 1466 dicerent

323 1517 376 1568 aut
393 1506 451 1567 sibi
465 1506 592 1580 vellent3
611 1523 723 1585 cupere
744 1524 776 1565 se
798 1522 902 1564 eorum
927 1515 1059 1565 mentem
1075 1506 1241 1584 intelligere
1256 1507 1358 1584 prius-

323 1628 412 1686 quam
441 1608 590 1669 civitatem
616 1597 713 1668 armis
738 1618 919 1687 expugnet:
941 1607 1022 1684 quod
1047 1609 1173 1668 crastina
1195 1608 1244 1668 die
1268 1627 1359 1689 agere

323 1709 469 1784 decrevit3
497 1709 669 1769 nuntiatum
697 1717 798 1768 autem
819 1707 875 1769 sibi
905 1725 970 1768 esse
1002 1707 1180 1769 leodienses
1208 1728 1240 1769 ea
1271 1720 1359 1770 nocte

322 1823 426 1873 eontra
444 1827 513 1871 cum
529 1828 650 1890 parasse
665 1810 810 1870 insultum
823 1827 830 1868 :
842 1808 881 1868 ob
892 1826 982 1886 quam
993 1827 1111 1868 causam
1119 1808 1245 1886 jussisse
1254 1810 1358 1888 plures

323 1915 407 1975 villas
424 1912 543 1974 incendi
561 1911 599 1971 ad
613 1910 754 1973 tenebras
770 1911 944 1990 effugandas
958 1922 993 1971 ut
1007 1912 1064 1972 iter
1079 1911 1115 1970 ad
1130 1930 1199 1972 cum
1214 1912 1358 1972 veniendi

322 2030 351 2078 et
371 2016 474 2077 videre
495 2023 525 2074 et
550 2031 671 2074 noscere
695 2014 805 2074 clarius
829 2023 962 2091 possent,
986 2031 1020 2073 ac
1042 2014 1075 2073 in
1100 2032 1136 2073 eo
1158 2014 1222 2074 loco
1239 2032 1272 2074 se
1290 2014 1358 2074 illos

321 2128 478 2197 expectare
495 2135 524 2189 n,
538 2124 568 2175 et
589 2114 682 2174 multa
701 2115 758 2174 alia
775 2112 956 2191 jactabunda
970 2113 1001 2179 in
1017 2112 1095 2173 hanc
1108 2115 1297 2175 sententiam.
1312 2115 1357 2174 td

322 2219 386 2278 hec
400 2215 531 2277 dmelius
546 2232 659 2294 pronus
674 2215 831 2274 interram
846 2214 1002 2292 respondit
1013 2213 1146 2274 breviter
1157 2215 1189 2274 in
1200 2214 1278 2275 hanc
1292 2215 1358 2275 iere

322 2319 500 2381 sententiam
513 2336 547 2377 :o
559 2314 812 2377 Reverendissirni
827 2323 925 2395 patres
940 2323 971 2376 et
984 2315 1114 2376 illustres
1127 2316 1251 2388 domini,
1263 2333 1357 2394 pauca

322 2442 340 2478 o
361 2419 449 2480 nobis
468 2417 592 2480 dicenda
607 2424 772 2496 supersunt
786 2416 912 2478 civitatis
927 2416 1062 2490 nomine;
1076 2434 1178 2494 pacem
1195 2435 1358 2496 sumopere

322 2541 339 2578 s
362 2519 581 2593 desideramus,
603 2516 681 2578 hanc
700 2534 821 2596 semper
838 2515 1023 2594 quesivimus
1044 2528 1075 2577 et
1095 2535 1156 2577 non
1170 2518 1356 2590 invenimus;

256 2693 258 2698 Ι
321 2644 339 2681 u
361 2621 452 2682 coacti
474 2638 556 2680 nunc
577 2637 637 2680 non
661 2628 769 2697 sponte
790 2617 901 2677 bellum
923 2615 1090 2692 intulimus,
1114 2617 1247 2696 graviter
1271 2616 1357 2694 prius

320 2743 338 2780 n
361 2721 439 2782 bello
462 2720 598 2782 lacessiti.
619 2721 718 2796 Nunc,
738 2719 769 2778 in
797 2726 877 2778 tanta
904 2735 1006 2778 rerum
1032 2717 1233 2793 extremitate,
1253 2709 1315 2778 ‘hec
1339 2736 1357 2776 a

320 2845 338 2882 u
360 2824 471 2886 nostris
495 2822 666 2884 concivibus
688 2821 826 2882 mandate
851 2821 1059 2901 suscepimus:
1081 2819 1111 2879 bi
1133 2820 1193 2880 duo
1215 2818 1264 2879 bic
1285 2837 1357 2898 pre·

321 2938 469 3001 assoles,
498 2926 612 3005 legatus
639 2924 800 3004 apostolice
825 2923 902 2984 sedis
930 2933 960 2983 et
984 2920 1155 2982 leodiensis
1182 2922 1356 3002 episcopus,

321 3050 338 3086 u
361 3027 455 3088 nostri
476 3026 541 3086 veri
562 3025 675 3086 domini
699 3034 785 3097 sunt3
804 3024 877 3102 ipsis
895 3021 1105 3102 obtemperare
1125 3024 1219 3101 parati
1240 3041 1356 3098 sumus,

321 3149 339 3186 u
361 3123 503 3206 quicquid
513 3126 682 3199 statuerint,
693 3124 891 3197 decreverint,
899 3124 1089 3203 Jusserint.Si
1100 3125 1129 3184 in
1141 3123 1240 3202 aliquo
1249 3124 1355 3185 ducem

321 3249 339 3285 n
361 3227 544 3290 offendimus
558 3238 610 3288 aut
624 3225 681 3286 sibi
697 3223 852 3296 debemus,
866 3243 971 3286 eorum
987 3245 1041 3286 nos
1055 3225 1265 3287 submictimus
1272 3225 1356 3305 judi-

321 3353 340 3388 »
362 3331 412 3391 tio.
434 3329 571 3406 Denique
591 3328 646 3388 bec
661 3337 705 3388 est
719 3326 852 3386 mandati
867 3328 962 3388 nostri
977 3345 1111 3386 summa:
1129 3339 1162 3386 ut
1177 3326 1267 3388 totius
1281 3324 1355 3386 civi·

321 3453 339 3489 »
361 3431 430 3491 tatis
440 3431 561 3491 nomine
572 3429 671 3489 omnia
683 3447 804 3507 agamus
816 3447 875 3506 quc
886 3428 944 3507 ipsi
956 3427 1016 3488 duo
1027 3427 1093 3488 lieri
1105 3427 1325 3488 mandaverint.
1336 3448 1354 3484 u

320 3535 404 3594 Tunc
417 3531 605 3593 marescallus
616 3530 701 3591 vultu
715 3540 744 3591 et
755 3547 827 3592 voce
842 3529 928 3590 ferox
939 3529 1045 3603 lactus,
1056 3528 1110 3589 hec
1122 3548 1215 3607 pauca
1227 3529 1355 3609 protulit

320 3635 358 3697 ad
379 3635 528 3698 emerium
547 3652 710 3695 conversus
724 3650 732 3693 :
748 3654 766 3690 u
781 3633 858 3694 Cave
879 3649 917 3691 ne
934 3640 962 3691 te
977 3631 1104 3711 amplius
1120 3631 1295 3710 magistrum
1311 3628 1354 3712 (2)

350 3898 389 3962 (tl
405 3898 478 3948 Llsez
490 3897 546 3948 loc.

353 3985 391 4050 (ἒ)
406 3984 509 4035 Sclllcet
521 3983 646 4048 meqc'cter
656 3983 777 4040 ciuitatis,
792 3983 976 4044 bourgmestre.
