3102 4914
835 431 963 531 (56)

376 576 458 654 scopi
482 573 513 636 et
527 575 648 636 ecclesie
670 574 839 634 Lcodiensis
860 573 1120 650 qualitercumque
1142 575 1408 653 concernentibus,

378 679 455 738 sieut
483 679 513 738 in
538 676 737 738 conventione
765 677 845 753 apud
868 673 1201 737 Sanctum-Trudoncm
1227 676 1328 739 habito
1353 677 1409 740 hec

378 780 477 839 omnia
492 787 613 857 exceptu
629 778 749 837 lucrant
768 787 797 836 et
817 778 925 836 summi
949 775 1096 855 pontificis
1111 775 1221 852 juditio
1243 788 1408 864 reservam

378 879 546 956 quaomnia
562 877 679 938 eumad
691 876 840 955 pontificis
852 877 972 940 maximi
986 877 1067 936 Pauli
1081 876 1215 935 notitiam
1233 895 1287 957 per
1301 877 1408 939 ducem

379 981 477 1060 ipsum
497 979 622 1040 deducta
642 987 742 1038 essent
762 988 793 1036 et
813 977 877 1055 ejus
897 977 1019 1037 nomine
1040 977 1228 1037 confirmatio
1250 978 1408 1057 postulata,

380 1080 489 1141 nedum
504 1078 637 1158 pontifex
650 1077 715 1157 ipse
728 1077 874 1138 maximus
887 1077 1066 1138 confirmare
1079 1079 1236 1153 recusavit,
1246 1079 1298 1140 sed
1308 1081 1409 1157 potius

379 1180 557 1241 infirmanda
579 1162 643 1239 lore
662 1179 798 1240 consulto
824 1190 946 1239 senatus
966 1179 1287 1240 reverendissimorum
1312 1180 1407 1240 domi·
1433 1166 1437 1172 ¹

288 1307 290 1311 ·
379 1300 488 1340 norum
510 1291 612 1340 sancte
627 1282 759 1339 Romane
774 1280 905 1340 ecclesiae
920 1280 1113 1341 cardinalium
1131 1281 1286 1342 decretum
1307 1293 1361 1351 est,
1378 1283 1409 1342 in
1429 1343 1431 1350 ,

380 1381 427 1442 his
442 1400 500 1458 quc
514 1380 668 1461 actingunt
681 1379 793 1458 jurium
809 1383 936 1443 Ecclesia
947 1382 1107 1442 lesionem:
1123 1382 1202 1460 quod
1221 1393 1319 1443 tamen
1334 1403 1409 1462 pon-

381 1482 452 1541 tilex
465 1481 611 1540 maximus
623 1481 721 1540 lacere
737 1491 808 1541 tune
823 1481 938 1542 distulit
952 1482 1049 1558 quoad
1062 1483 1122 1542 dux
1135 1483 1196 1560 ipse
1211 1484 1249 1543 de
1263 1483 1309 1544 his
1325 1484 1411 1544 lieret

379 1583 498 1655 certior,
513 1601 552 1642 ne
567 1583 664 1661 ipsum
680 1592 733 1642 aut
747 1579 878 1643 inclitam
900 1584 1071 1662 Burgundie
1087 1585 1208 1643 domum
1225 1583 1407 1656 offenderem

379 1702 435 1744 aee
448 1702 483 1744 ex
498 1683 544 1743 his
559 1684 665 1746 ducem
687 1683 789 1743 mirari
811 1695 862 1744 ant
882 1684 995 1745 moveri
1013 1684 1123 1744 debere
1138 1689 1162 1744 si
1184 1685 1308 1745 Ecclesia
1330 1685 1409 1763 quod

379 1805 468 1846 suum
486 1794 531 1846 est
554 1793 674 1847 tueatur
697 1795 725 1845 et
746 1794 871 1865 repetat,
891 1804 957 1846 eum
974 1787 1072 1846 onmia
1089 1805 1147 1863 que
1161 1788 1198 1846 ad
1220 1787 1312 1863 ipsius
1327 1787 1410 1846 ducis
1431 1853 1434 1860 ,

378 1889 502 1961 statum,
517 1890 703 1946 securitatem
719 1898 750 1947 et
764 1887 944 1946 damnorum
959 1887 1172 1947 satisfationem
1188 1898 1323 1966 spectant
1339 1888 1410 1948 libe·

380 1988 483 2049 raliter
495 1988 616 2048 offerat:
630 1989 758 2048 maxime
769 2007 837 2048 cum
850 1989 909 2049 dux
922 1990 986 2065 ipse
1001 1991 1030 2048 in
1043 1989 1178 2068 proxima
1195 1990 1321 2050 ciuitatis
1337 1992 1409 2050 leo·

382 2090 493 2150 diensis
508 2090 737 2167 expugnatione,
755 2109 809 2169 per
823 2107 926 2151 ornnes
947 2090 1072 2150 ducatus
1093 2091 1251 2152 Brabantic
1273 2092 1408 2152 ecclesias

384 2191 501 2269 publice
522 2189 668 2270 predicari
689 2191 793 2251 fecerit
808 2211 839 2252 se
854 2193 884 2251 in
910 2194 1035 2254 Ecclesia
1050 2194 1193 2267 auxilium
1214 2203 1244 2254 et
1266 2194 1408 2268 savorem,

379 2294 464 2370 jussu
481 2291 629 2369 pontificis
645 2293 774 2367 maximi,
789 2303 891 2353 contra
908 2294 1082 2354 leodienses
1097 2315 1177 2355 arma
1193 2297 1357 2375 sumpsisse
1379 2305 1409 2354 et

384 2394 513 2473 coegisse
533 2394 711 2468 exereitum3
728 2395 820 2455 multu
837 2413 909 2455 vero
926 2395 1035 2456 nedum
1051 2399 1178 2457 Ecclesie
1195 2417 1337 2476 prospera
1357 2396 1407 2458 sed

383 2494 504 2554 adversa
522 2494 610 2554 nimis
624 2505 653 2553 et
668 2494 820 2569 damnosa,
841 2505 943 2574 preter
964 2505 994 2556 et
1015 2508 1117 2556 contra
1135 2497 1284 2576 pontificis
1299 2497 1408 2558 summi

383 2597 571 2670 sententiam,
585 2605 664 2674 gesta
682 2593 773 2654 luisse
794 2603 825 2655 et
846 2594 978 2672 qnotidie
1005 2595 1068 2655 lieri
1094 2597 1242 2656 deteriora
1268 2597 1407 2658 manifes·

384 2700 456 2759 tium
479 2699 520 2774 (l)
543 2707 601 2771 est3
623 2697 793 2775 gravamina
813 2715 934 2774 quoque
953 2697 1057 2756 inierri
1079 2699 1206 2758 inaximo
1228 2700 1299 2776 (que
1319 2717 1408 2777 supra

382 2797 679 2879 conmemoravimus)
704 2799 847 2859 adversus
872 2801 984 2858 clerum
1011 2811 1040 2857 et
1066 2801 1206 2879 populos,
1232 2800 1409 2861 inhonoris

383 2901 476 2980 ipsius
491 2900 573 2960 ducis
588 2900 732 2959 offensam
753 2909 783 2960 et
800 2909 903 2973 eontra
924 2901 988 2977 ejus
1008 2913 1040 2959 ut
1059 2901 1187 2960 eredunt
1209 2903 1411 2974 voluntatem

303 2997 306 3006 '
382 3021 440 3079 que
456 3003 484 3061 in
501 3001 606 3061 melius
622 3000 777 3061 reformari
788 3009 817 3060 et
828 3001 948 3061 demum
964 3003 1135 3060 confirmari
1148 3004 1183 3062 sit
1199 3003 1410 3076 necessarium,

143 3424 271 3483 Responsio
285 3423 357 3471 ducis.

383 3111 415 3161 ut
428 3121 477 3160 res
491 3100 601 3160 diutius
618 3118 811 3175 permansura
828 3101 866 3158 sit
882 3113 911 3160 et
925 3101 1099 3161 stabilienda
1115 3115 1276 3180 perpetum
1293 3123 1361 3163 nam
1377 3104 1405 3162 in

382 3210 504 3262 costato
518 3220 577 3278 quo
590 3211 660 3261 tunc
671 3211 770 3261 essent
786 3202 990 3262 leodiensium
1005 3223 1052 3264 res
1065 3205 1271 3264 difficillimum
1288 3213 1318 3264 et
1333 3221 1413 3285 pene

382 3303 563 3385 impossibile
578 3322 642 3363 esse
656 3303 768 3362 diutius
784 3322 869 3379 posse
884 3305 1053 3364 consistere.
1073 3328 1087 3360 n
1106 3307 1164 3364 Hec
1182 3307 1294 3384 legatus
1309 3305 1387 3364 duci.

423 3406 473 3464 His
484 3425 499 3464 a
511 3405 607 3484 legito
622 3405 786 3479 intellectis,
800 3406 859 3463 ‹lnx
873 3406 935 3483 ipse
948 3408 1100 3482 pratrlnlum
1117 3426 1216 3466 seeum
1233 3407 1414 3478 consistens,

382 3507 545 3566 otdemum
567 3524 632 3565 cum
656 3525 710 3566 suo
729 3506 902 3565 earteellario
927 3506 1009 3566 brevi
1034 3507 1135 3568 lralrito
1157 3503 1292 3568 seorsum
1308 3508 1431 3568 conlo-1

382 3609 462 3685 quio,
480 3607 536 3666 hec
557 3607 687 3667 breviter
705 3607 800 3686 legato
820 3607 974 3686 respondit
999 3618 1171 3686 ‹qtrnntum
1193 3609 1229 3668 ad
1252 3627 1315 3668 rem
1338 3610 1413 3669 Leo·
1433 3619 1437 3654 ἱ

382 3708 679 3786 diensem-spectant,
697 3707 876 3766 intellexisse
897 3727 928 3768 se
951 3708 1067 3785 queab
1089 3727 1123 3768 co
1145 3709 1219 3771 dicta
1243 3720 1359 3782 essent;
1381 3718 1428 3768 et.-

1158 3864 1405 3878 ——m-ufi

415 3947 450 4002 (lt
465 3946 540 4009 ,Lisez
553 3947 730 4010 manifestum.
