3102 4914
810 358 956 536 llll

377 558 530 659 gerentem
552 591 579 640 et
604 579 693 659 bujns
712 591 853 641 tractatus
868 588 1109 640 conservatorem
1132 594 1161 642 et
1181 594 1410 659 exequutorem,

378 681 523 762 insignem
547 680 679 740 militem
694 681 861 740 Gnidoncm
885 681 922 740 de
946 681 1174 756 llumbercourt,
1201 684 1320 744 natione
1342 684 1408 743 Pic-

377 783 511 855 eardum,
528 799 621 840 arnum
640 800 675 840 ex
693 781 862 840 camerariis
886 793 915 840 et
936 782 1110 842 consiliariis
1126 783 1255 864 suisti),
1270 803 1303 842 ac
1318 783 1407 844 alium

353 868 357 884 ¹
377 901 412 940 ex
428 884 489 941 suis
505 881 679 941 consiliariis
694 883 899 962 Burgundnnr,
915 883 1019 944 laicum
1036 891 1065 942 et
1080 884 1282 963 conjugatum,
1294 887 1408 944 ineun-

376 983 441 1050 sitio
454 983 585 1062 episcopi
601 983 811 1061 presidentem,
828 984 891 1042 sine
906 985 989 1061 cujus
1005 992 1080 1043 nutu
1097 994 1261 1045 classense
1281 985 1324 1044 nil
1339 1003 1409 1066 age·

376 1085 465 1146 batur
480 1085 530 1164 (ἢ).
546 1087 614 1145 Post
624 1085 712 1168 udaieis
739 1104 898 1154 recessum,
910 1115 913 1120 .
925 1084 955 1145 lri
970 1086 1020 1161 qni
1037 1087 1101 1164 ejus
1121 1088 1241 1146 nomine
1265 1088 1295 1146 in
1313 1087 1406 1164 patria

374 1186 528 1247 Leodicnsi
546 1186 736 1264 presidebant
750 1205 783 1244 ae
802 1186 984 1247 tributorum
999 1198 1028 1247 et
1043 1188 1229 1266 vectigalium
1245 1200 1411 1262 exactores,

376 1288 581 1365 multipliciter
601 1300 631 1348 ct
646 1307 715 1348 seve
738 1289 768 1347 in
788 1288 922 1362 miseros,
938 1289 1051 1348 clerum
1074 1301 1103 1350 et
1126 1291 1283 1370 populum,
1300 1309 1410 1350 crasso·

378 1388 488 1448 bantur
499 1389 550 1470 (ὅ),
566 1390 608 1449 uti
624 1391 654 1448 in
672 1391 769 1469 primo
792 1389 877 1469 legati
894 1389 1024 1449 adventu
1040 1389 1166 1451 diversis
1190 1391 1364 1451 rumoribus
1379 1399 1410 1452 et

379 1490 543 1550 inultorum
563 1492 692 1569 querelis
714 1504 744 1551 ct
767 1492 866 1551 auxilii
890 1492 1026 1569 precibus
1047 1492 1083 1552 ad
1108 1512 1176 1552 eum
1202 1491 1298 1552 delata
1323 1504 1409 1566 sunt;

304 1668 306 1672 Α
379 1609 446 1650 narn
462 1592 513 1669 qui
535 1593 686 1672 vectigalia
709 1593 920 1671 procurabant,
942 1592 970 1652 in
993 1595 1119 1658 diversis
1136 1595 1205 1654 loeis
1225 1595 1422 1654 exactissime

296 1687 297 1691 ’
377 1691 605 1771 compellebant,
628 1694 709 1753 nullo
734 1693 836 1754 habito
857 1711 1055 1773 personarum,
1075 1695 1201 1767 delectu,
1223 1695 1348 1754 clericos
1369 1713 1406 1756 an

377 1777 477 1868 laicus,
493 1795 605 1855 anricus
618 1803 703 1854 antea
718 1796 763 1853 vel
776 1795 869 1854 hostis
882 1794 971 1854 luerit
980 1813 988 1867 ;
997 1813 1029 1853 ae
1042 1813 1096 1873 pro
1109 1793 1264 1872 stipendiis
1277 1795 1407 1874 propriis
1463 1829 1466 1833 ·

376 1914 481 1956 aureos
495 1909 636 1956 centenos
650 1896 756 1956 diebus
772 1897 896 1976 singulis
906 1895 1118 1970 absorbebant;
1136 1915 1189 1974 pro
1204 1915 1319 1956 summa
1336 1915 1407 1956 vero

289 2047 291 2050 .
377 2007 578 2056 trecentorum
592 2009 621 2056 et
637 1999 787 2078 sexaginta
807 1998 922 2057 milium
945 1997 992 2056 vel
1013 1998 1131 2056 circiter
1152 1996 1334 2058 llorenorurn
1350 2017 1408 2076 que

376 2097 452 2158 inira
475 2099 550 2160 duos
572 2118 688 2160 menses
711 2101 740 2158 in
768 2111 907 2178 promptu
932 2101 1109 2160 exsolvenda
1131 2110 1217 2161 erant
1234 2102 1319 2182 juxta
1344 2121 1409 2181 pre·

376 2200 517 2279 scriptam
533 2200 690 2260 concordie
709 2201 848 2272 sormam,
864 2212 944 2260 tanta
965 2201 1159 2262 exercebatur
1173 2204 1284 2262 exactio
1300 2213 1333 2262 at
1348 2222 1407 2264 non

376 2301 556 2374 carceribus,
583 2320 642 2361 non
667 2302 916 2380 suppellectilium
943 2312 994 2361 aut
1019 2293 1242 2363 aninraliunr'et
1267 2322 1408 2381 quorum·

376 2424 494 2483 cunque
506 2405 661 2466 mobilium
674 2405 915 2465 distractionibus
928 2418 1110 2483 parceretur,
1119 2424 1276 2484 campanas
1288 2425 1406 2484 quoque

375 2508 567 2567 ecclesiarum
590 2507 698 2584 quein
725 2506 822 2584 opidis
847 2516 876 2565 et
899 2506 975 2566 villis
992 2519 1086 2578 erant,
1109 2510 1248 2584 quoniam
1269 2509 1305 2567 ad
1323 2527 1404 2568 arma
1429 2507 1431 2511 ’

376 2619 477 2670 eontra
503 2609 586 2669 ducis
612 2609 776 2669 exercitum
800 2609 926 2687 populos
951 2629 1004 2669 suo
1030 2611 1129 2670 sonitu
1156 2622 1405 2684 convocaverant,

374 2721 539 2770 asserentes
554 2728 586 2768 ea
598 2708 641 2788 (l)
656 2708 781 2770 ducibus
798 2711 945 2770 exereitus
960 2710 1144 2784 confiscatas,
1165 2712 1357 2790 deponebant
1370 2731 1405 2775 ex

375 2811 514 2883 ecclesiis,
530 2821 559 2870 et
574 2830 679 2872 rursus
694 2812 731 2871 ab
747 2812 850 2872 ineolis
867 2813 972 2872 redimi
989 2832 1038 2873 eas
1053 2831 1120 2873 cunr
1135 2812 1249 2883 „effecto
1267 2832 1407 2891 procura·

376 2912 455 2974 liant.
472 2915 506 2972 Et
520 2914 671 2991 quonium,
687 2933 721 2972 ex
741 2917 949 2988 conventione,
968 2913 1046 2974 rnuri
1062 2914 1189 2974 civitatis
1204 2926 1233 2974 ct
1248 2914 1403 2992 opidorum

376 3013 486 3074 nedum
499 3013 645 3087 demoliri,
653 3013 705 3076 sed
715 3014 822 3076 lassata
832 3016 1166 3095 replerietcomplansri
1179 3017 1327 3078 debebant
1340 3035 1405 3096 pro·

377 3115 449 3192 priis
465 3115 628 3176 incolarum
645 3116 782 3177 manibus
799 3128 852 3178 aut
869 3119 1055 3198 sumptibus,
1073 3119 1150 3179 inira
1167 3118 1258 3180 breve
1277 3131 1403 3200 tenipus,

1209 3327 1401 3338 ,φυῆναι-...μη-

409 3460 444 3520 tl)
461 3458 507 3507 Gai
528 3457 560 3508 de
577 3458 689 3516 brimeu,
707 3458 826 3520 seigneur
842 3457 874 3507 de
893 3457 1092 3516 llnmbereourt,
1104 3450 1355 3520 lienteoantgene'rnl
1370 3459 1403 3509 du

375 3545 426 3596 duc
437 3544 469 3595 de
482 3545 630 3607 Bourgogne
641 3543 703 3592 dans
715 3543 738 3592 le
751 3555 812 3605 pays
824 3542 855 3592 de
869 3541 951 3604 tiege.

407 3631 444 3694 (t)
462 3631 496 3681 Ge
509 3611 638 3694 piesideot
655 3631 688 3680 dn
705 3631 800 3680 conseil
818 3630 849 3679 dc
866 3629 979 3692 leveque
996 3630 1057 3679 e'tait
1074 3629 1144 3693 «teja,
1162 3643 1220 3680 sans
1236 3631 1325 3690 doute,
1342 3632 1403 3681 teau

375 3719 467 3776 Postel,
479 3717 528 3768 cite
539 3731 570 3766 eu
583 3725 650 3768 cette
662 3717 744 3768 meme
760 3716 855 3780 qualite
871 3717 934 3766 dans
952 3730 1001 3766 nne
1017 3716 1104 3766 charte
1122 3717 1154 3767 de
1169 3717 1192 3766 la
1208 3717 1351 3768 cathedrale
1369 3719 1402 3768 ou

375 3802 408 3854 20
423 3817 490 3854 mars
505 3803 576 3853 ileo.
588 3803 741 3863 (loventaire
753 3803 787 3853 du
799 3804 924 3853 chartrier
935 3803 966 3853 de
980 3803 1193 3866 Sciat-Lamban,
1205 3815 1233 3853 n⁰
1243 3803 1323 3865 tues.)

377 3913 378 3916 ¹
407 3891 444 3951 (tl
461 3888 793 3956 Sic,pouryraasoboatur.
1279 3900 1285 3907 “

408 3981 443 4042 (li
464 3979 535 4028 Lisez
547 3991 599 4028 ece.
