3126 4906
613 441 765 539 (tn)
868 503 870 508 ,

167 584 314 646 deiendos
330 583 430 644 ‘innixi
448 583 487 642 ob
508 583 734 644 interfectorum
752 582 922 655 vindictam,
937 584 986 643 vix
1001 604 1016 643 a
1031 583 1206 645 custodibus

170 683 288 745 defensi
306 693 379 744 sunt
393 701 400 742 :
415 683 537 742 mutetis
551 701 654 743 eorum
672 681 803 744 vestibus
819 693 852 742 ut
865 683 960 761 gallici
976 684 1163 758 riderentur,
1176 696 1205 745 et

169 786 292 848 ‹lemum
315 785 351 844 ad
373 783 572 844 diversalooa'
597 783 780 857 transmissi3
803 784 918 862 hosque
938 785 1025 846 tertio
1044 796 1073 845 et
1093 785 1206 863 pluries

172 886 282 948 laetum
305 896 360 958 est,
380 884 477 944 donee
497 883 577 944 tedio
595 885 632 945 ad
654 903 703 944 ros
718 885 927 946 custodiendos
949 894 979 944 et
999 884 1205 946 defendendos

170 985 280 1061 affecti,
290 984 410 1046 tandem
419 984 587 1063 Trajeotunr
600 985 636 1046 ad
648 986 778 1065 legatum
790 1003 840 1046 eos
852 985 1033 1056 remiserunt
1043 986 1100 1046 sub
1112 987 1205 1064 priori

163 1087 370 1167 *promissione
384 1097 414 1145 et
429 1084 488 1147 lide
503 1085 541 1146 ab
556 1086 599 1145 eis
613 1094 713 1145 exerta
729 1085 842 1146 utsiue
857 1086 1004 1164 permissu
1025 1087 1125 1165 Argue
1144 1105 1204 1148 non

165 1187 376 1256 'diseederenu
399 1195 550 1246 venerunt
571 1186 607 1246 ad
624 1187 760 1264 legatum
780 1186 925 1259 semivivi,
941 1186 1034 1262 lame,
1050 1188 1161 1268 frigore
1176 1199 1206 1249 et

93 1275 103 1288 ”
171 1288 279 1368 vigiliis
295 1287 432 1359 conlecti,
447 1297 506 1347 tom
522 1288 577 1366 ipsi
593 1305 683 1365 qoam
698 1306 802 1347 eorum
817 1289 898 1366 equi,
919 1288 988 1348 licet
1009 1307 1070 1349 non
1091 1308 1206 1361 ornnes,

171 1390 313 1467 quoniam
329 1389 464 1466 quinque
478 1408 513 1448 ox
531 1388 615 1449 bonis
636 1388 720 1464 equis
740 1389 828 1467 legati
850 1388 930 1470 apud
952 1407 983 1450 se
1005 1388 1207 1463 detinuerant,

173 1489 348 1550 miserrimis
362 1489 404 1567 (l)
419 1498 450 1548 et
464 1490 582 1566 penitus
598 1488 754 1548 inutilibus
769 1488 832 1548 loeo
847 1505 953 1549 eorum
972 1489 1089 1549 traditis
1105 1509 1112 1549 :
1132 1507 1206 1566 quos

170 1601 271 1652 tamen
292 1591 408 1668 legatus
432 1591 534 1669 paueis
555 1601 623 1668 post
643 1588 749 1650 diebus
763 1588 800 1647 ed
815 1607 865 1649 eos
879 1589 995 1650 remieti
1007 1589 1114 1669 jussit3
1132 1590 1207 1650 reti-

173 1701 308 1750 nuerunt
327 1701 357 1750 et
376 1691 456 1768 apud
478 1709 510 1750 se
531 1707 635 1749 omnes
657 1689 744 1768 legati
764 1689 928 1749 sarcinulas
948 1700 979 1750 et
999 1692 1128 1762 loculos,
1154 1690 1206 1750 sed

173 1790 264 1850 biduo
277 1801 343 1870 post
353 1791 536 1852 remiserunt
547 1808 605 1867 que
614 1790 762 1870 grossiora
774 1799 870 1861 erant,
881 1792 1011 1871 exeeptis
1026 1791 1205 1868 quibusdam
1304 1843 1305 1846 ,

174 1891 279 1952 bulziis
294 1901 324 1952 et
339 1892 439 1971 parvis
454 1892 557 1953 loculis
573 1893 634 1952 suis
649 1901 678 1952 et
693 1909 816 1952 suorum
832 1892 862 1952 in
879 1892 988 1968 quibus
1004 1891 1131 1969 quedam
1145 1893 1207 1952 via-

175 1995 231 2054 tica
252 2001 283 2054 et
304 1993 455 2054 itineraria
481 1992 713 2053 continebantur
739 2003 768 2052 ot
792 2010 851 2070 que
876 1993 908 2052 in
931 1993 1034 2053 eastris
1055 2005 1085 2054 et
1106 1993 1137 2052 in
1159 1994 1205 2052 via

173 2095 327 2173 deperdita
342 2094 515 2155 asserebant
529 2113 604 2167 esse,
616 2093 668 2155 sed
681 2095 814 2173 perquiri
830 2093 986 2154 mandasse
1001 2106 1102 2173 postea
1119 2094 1207 2154 resti·

174 2196 285 2257 tuende
300 2217 308 2257 :
323 2196 403 2273 quod
419 2197 541 2256 minime
556 2195 667 2256 laetum
682 2207 727 2255 est
742 2214 839 2274 usque
850 2194 959 2256 adhue.

215 2298 265 2357 llis
282 2297 418 2377 peractis,
431 2298 572 2376 utrinque
587 2318 603 2356 a
619 2296 695 2357 bello
711 2296 802 2357 biduo
817 2306 962 2357 cessatum
978 2309 1023 2358 est
1036 2298 1116 2357 inter
1130 2301 1207 2358 Bur-

173 2398 290 2479 gundos
300 2409 329 2458 et
340 2398 525 2473 leodienses
537 2400 763 2478 interimquede
774 2399 995 2460 conditionibus
1008 2400 1087 2478 paeis
1098 2410 1207 2467 aetum,

175 2498 272 2561 rnedio
284 2502 434 2578 episcopo,
442 2513 475 2570 ut
485 2501 661 2560 leodienses
671 2500 779 2560 ‹lueem
791 2519 858 2560 oum
868 2501 1000 2560 exercitu
1012 2499 1127 2580 ingredi
1140 2501 1209 2560 rivi·

176 2612 265 2662 tatem
281 2604 496 2681 promietorent
508 2601 559 2682 (Ξ),
572 2603 702 2682 polliceri
715 2603 886 2681 episcopum
898 2620 930 2662 se
941 2613 1117 2663 curaturum
1133 2603 1207 2663 eivi-

175 2713 265 2765 tatem
276 2714 306 2764 et
316 2703 449 2764 insontes
459 2705 554 2764 salvos
565 2703 670 2765 redere
682 2703 733 2783 (ὅ),
742 2704 955 2781 seditiososque
966 2705 1062 2764 solum
1074 2705 1207 2784 plecten-

174 2802 243 2878 dos3
262 2805 315 2865 sed
334 2803 408 2864 nihil
428 2805 600 2864 conclusum
616 2816 667 2864 est.
686 2807 801 2864 lnte'rea
817 2803 905 2865 rediit
919 2804 956 2864 ad
970 2803 1101 2882 legatum
1118 2823 1207 2864 uum-

176 2907 254 2982 ptius
270 2923 340 2965 suus
356 2924 445 2983 quom
461 2924 528 2966 eum
545 2906 682 2984 episcopo
698 2918 727 2965 ot
743 2904 966 2966 llumbercourt
983 2925 1020 2966 ox
1039 2907 1122 2969 Foux
1137 2924 1205 2966 eum

174 3007 282 3066 litteris
293 3007 328 3066 od
342 3006 447 3066 duosru
461 3007 598 3077 miseram
614 3006 662 3066 hio
676 3025 743 3066 cum
759 3007 876 3067 nullum
892 3007 922 3065 in
939 3008 1020 3067 Foux
1035 3006 1208 3094 reperisset,

174 3117 321 3186 sequutus
332 3119 437 3181 eastra,
449 3109 576 3169 relatum
589 3107 645 3169 sibi
660 3120 704 3168 est
719 3109 848 3188 legatum
863 3108 992 3168 intrasse
1006 3108 1155 3168 civitatem
1170 3108 1206 3168 ad

176 3228 278 3291 paoem
300 3210 499 3279 tractandam
522 3209 725 3288 oportunitate
747 3219 878 3288 sumpta,
899 3208 1039 3269 leodium
1056 3208 1209 3288 ingressus

175 3320 230 3387 est,
242 3312 370 3389 legatum
382 3309 423 3370 ibi
436 3310 570 3388 reperire
586 3320 711 3389 putans;
727 3327 815 3386 quem
831 3327 899 3374 eum
916 3326 976 3369 uon
991 3308 1164 3388 reperisset,
1179 3316 1209 3368 et

174 3413 255 3474 eires
265 3412 303 3473 ab
313 3432 349 3476 eo
362 3413 579 3474 intellexissent
590 3412 687 3491 ipsum
698 3431 795 3490 nsque
810 3412 840 3472 in
854 3412 933 3472 uoux
948 3429 1045 3489 neque
1059 3395 1207 3471 incastris

175 3535 253 3589 esse,
280 3514 444 3574 certissime
472 3532 541 3574 euru
568 3514 783 3590 interemptum
812 3512 1014 3574 existimantes
1043 3511 1099 3572 nisi
1128 3510 1209 3590 apud

209 3779 246 3842 (l)
264 3778 444 3828 llotdouteux.

210 3861 247 3926 (2)
263 3863 335 3913 Lisez
346 3862 532 3925 permitterent.

210 3951 248 4013 (ὅ)
266 3950 336 4000 lisez
349 3949 462 4000 reddere.
