3102 4914
802 373 812 460 (
836 401 893 444 X¹1¹¹
915 379 925 460 t

346 562 519 650 eseoyetent
533 565 569 623 de
584 549 769 642 surprend're
786 564 813 624 te
828 563 872 622 roi
887 564 924 624 de
940 565 1050 624 Franco
1066 572 1093 622 ot
1109 565 1137 624 te
1152 564 1209 623 duo
1223 564 1297 624 dens
1312 566 1377 626 leur

346 705 431 764 camp
453 685 490 744 de
504 685 794 764 Sainte-Wolburge.
810 686 848 745 Le
864 685 913 760 50,
934 685 959 745 lo
979 659 1047 744 ville
1062 684 1098 744 de
1117 683 1202 761 Liege
1219 684 1317 745 tomba
1338 706 1373 746 nu

346 807 472 884 pouvotr
495 805 547 866 des
571 807 795 886 Bourgttignons
823 818 861 880 et,
881 805 968 886 optes
995 826 1034 891 un
1058 805 1192 867 horrible
1217 825 1377 881 ntossacte,

347 929 393 987 sut
407 928 499 988 liveee
514 948 570 988 anx
588 927 731 988 ssotnmos.

386 1050 550 1124 Qu'etaient
564 1050 705 1122 dovenus,
718 1039 791 1109 dens
803 1069 850 1110 ees
860 1051 1084 1124 circonstanees‚
1100 1049 1244 1109 Onusrios
1254 1061 1283 1110 et
1291 1049 1378 1110 Louis

348 1171 383 1230 de
400 1169 559 1231 Bourbon?
575 1172 611 1230 Le
627 1171 665 1231 25
678 1170 799 1230 octobre
813 1171 848 1230 ils
860 1170 977 1229 avaient
992 1170 1086 1246 quitte
1103 1168 1187 1248 Liege
1204 1189 1280 1247 pout·
1295 1170 1375 1243 oller,

348 1291 403 1349 'ala
420 1291 566 1350 demando
583 1291 633 1350 des
649 1291 825 1371 principante
841 1291 1008 1368 bourgeois,
1024 1290 1169 1367 imploret
1183 1291 1207 1348 la
1228 1292 1378 1352 olemenoe

348 1413 387 1470 du
406 1411 471 1473 duc.
488 1411 607 1470 Arrives
627 1410 641 1470 ἒι
659 1411 764 1484 Onne,
779 1407 817 1471 οὺ
833 1412 961 1490 oompoit
981 1411 1102 1470 l'nnmee
1117 1411 1378 1492 bourguignonne,

349 1533 384 1592 ils
399 1533 502 1592 forent
518 1531 630 1592 oreete's
646 1541 674 1592 et
690 1541 813 1592 netenos
830 1532 1015 1613 prisonniers
1034 1553 1089 1612 pon
1103 1535 1175 1593 Jeen
1191 1534 1228 1594 de
1243 1532 1380 1606 cottone,

348 1656 487 1733 seigneur
501 1655 661 1733 d'Argness,
678 1654 755 1732 puis,
771 1673 840 1714 sous
857 1655 991 1732 protento
1007 1655 1096 1716 d’une
1112 1666 1257 1716 entrevue
1272 1675 1342 1714 eveo
1354 1656 1381 1716 le

349 1775 497 1836 marecha!
510 1778 546 1837 de
558 1781 742 1858 Bourgogne,
755 1777 855 1838 menes
868 1775 882 1836 'a
897 1777 1008 1838 Bierset
1022 1788 1050 1836 ot
1064 1776 1078 1836 ὲ
1092 1779 1176 1838 Fooz.
1190 1778 1272 1849 Man,
1285 1778 1382 1838 tondis

350 1917 408 1976 que
430 1898 456 1957 lo
476 1897 552 1976 leget
575 1899 644 1958 etait
667 1907 771 1958 retonu
799 1918 869 1958 sons
894 1899 993 1958 bonne
1015 1898 1116 1976 garde,
1139 1918 1177 1958 on
1202 1898 1379 1978 monogenin

351 2019 436 2078 Louis
456 2017 493 2078 de
515 2019 653 2078 Bourbon
675 2019 829 2078 l'oecasion
852 2019 955 2078 d’allor
974 2019 1125 2097 rejoindre
1141 2021 1168 2079 le
1183 2019 1248 2078 duo.
1265 2021 1381 2098 Cepen·

350 2141 434 2211 dant,
459 2139 545 2218 apres
570 2140 767 2218 qu’Onunius
792 2138 843 2202 ettt
871 2141 1004 2218 pendant
1029 2142 1158 2218 quelque
1185 2151 1281 2220 temps
1307 2141 1386 2200 sui'vi

350 2259 470 2319 l'nnmee
491 2261 541 2338 qui
563 2261 729 2320 continuait
750 2280 780 2320 so
804 2259 925 2320 marche
949 2279 987 2319 en
1013 2260 1259 2333 event,Chnn1es
1285 2260 1325 2318 lui
1352 2258 1386 2320 fit

351 2382 449 2443 savoie
469 2383 539 2459 qu'il
562 2383 683 2460 poovatt
704 2403 735 2441 se
757 2380 929 2441 consideret
946 2399 1061 2440 comme
1077 2381 1163 2441 libre.
1180 2384 1299 2460 Voyont
1314 2381 1385 2459 qu'il

350 2521 388 2560 ne
407 2503 509 2562 testait
531 2522 627 2562 aucun
651 2504 751 2581 espoir
771 2503 808 2563 de
829 2521 936 2561 seover
958 2503 983 2560 lo
1008 2502 1217 2563 malhenreuse
1231 2503 1309 2574 ville,
1326 2519 1385 2580 que

349 2643 402 2684 son
420 2624 620 2684 intervention
637 2623 706 2684 o'tait
722 2623 885 2684 desotmais
901 2623 1022 2695 inutile,
1036 2625 1064 2683 le
1078 2623 1171 2701 legat,
1188 2623 1271 2700 privo
1287 2624 1324 2683 de
1338 2643 1384 2684 ses

351 2762 436 2822 gens,
455 2723 651 2821 accompagn&
673 2743 838 2802 seulement
861 2741 899 2803 de
926 2743 1003 2803 deux
1020 2743 1143 2803 herouts
1163 2743 1298 2818 metus,
1322 2745 1383 2802 l'ttn

348 2863 385 2923 de
396 2863 423 2922 la
434 2863 527 2922 liveee
542 2864 580 2923 du
597 2862 664 2938 duc,
677 2865 781 2923 l'outre
796 2863 832 2922 do
845 2864 917 2924 celle
929 2864 968 2924 du
983 2865 1026 2936 toi
1038 2867 1074 2926 de
1086 2867 1209 2937 Franco,
1223 2873 1290 2924 tous
1305 2865 1384 2926 deux

349 2995 470 3062 pottnnt
493 3004 529 3043 en
552 2985 646 3043 mains
670 2985 721 3044 des
747 2985 851 3045 heitone
874 2985 988 3057 blanos‚
1013 3005 1044 3046 se
1066 2986 1177 3064 dingen
1200 3004 1269 3045 vers
1291 2988 1384 3046 Moes-

349 3102 448 3174 nicht,
473 3100 512 3164 οὐ
538 3103 557 3162 it
583 3105 680 3162 arrtva
707 3104 924 3184 peniblement,
948 3106 1051 3186 epnise
1076 3106 1117 3170 de,
1138 3107 1266 3167 douleur
1291 3119 1320 3167 et
1345 3107 1383 3167 de

350 3225 459 3302 satigno
474 3223 525 3302 (t).
585 3260 588 3266 =

382 3467 419 3528 tt)
438 3486 449 3515 ι
464 3468 567 3519 tnterim
579 3475 663 3522 tamen
677 3485 726 3522 non
739 3473 836 3523 destitit
845 3479 936 3524 cuneta
949 3471 1109 3534 perlustrare,
1119 3470 1141 3519 si
1153 3469 1210 3532 quis
1228 3481 1304 3519 easus
1321 3481 1381 3518 eum

349 3557 374 3604 in
393 3563 461 3606 tanto
478 3557 585 3620 strepitu
598 3571 726 3609 armorum
742 3561 773 3610 ad
786 3561 876 3611 ducem
897 3560 1071 3622 perduceret...
1089 3557 1137 3608 Sed
1154 3569 1262 3606 cernens
1281 3555 1380 3618 legatus

350 3641 418 3704 teges
430 3643 495 3692 inter
507 3652 616 3694 armatos
627 3645 701 3696 silere
713 3651 790 3708 atque
801 3647 948 3708 dignitatem
961 3657 1032 3694 suarn
1041 3643 1106 3692 inter
1119 3642 1294 3706 sanguinarios
1307 3641 1381 3691 satel-

349 3730 405 3779 lites
425 3721 517 3780 veretri
535 3733 673 3796 multisque
695 3733 812 3797 perieulis
830 3746 887 3783 este
905 3733 1051 3794 expositam,
1069 3730 1140 3780 ducis
1157 3729 1266 3792 primum
1286 3729 1379 3778 deinde

348 3819 450 3882 proprio
472 3821 574 3873 consitio
597 3821 687 3885 fretus¹
706 3828 808 3872 coaetus
826 3828 865 3871 est
886 3819 1052 3869 ab·exeroitu
1074 3818 1169 3867 cedere.
1192 3835 1201 3863 ι
1225 3818 1383 3880 (Hennaeus,-

350 3905 452 3970 pieton.)
1010 3909 1013 3915 '
