3088 4926
593 520 605 609 t
633 515 680 587 a
707 524 720 605 i

138 670 237 714 unttm
249 673 283 713 ex
293 653 411 712 duobus
424 654 495 712 locis
505 673 608 713 corum
620 655 753 730 arbitrio,
764 656 940 732 aquisgrani
954 656 998 715 vel
1009 655 1111 715 Rekcn
1123 659 1175 730 lt),

139 765 171 814 et
194 753 332 812 dominus
358 754 526 814 leodiensis
552 755 734 815 assecurabit
761 775 810 815 eos
833 757 861 815 in
885 757 993 827 caindo,
1017 756 1122 816 stando
1145 766 1174 816 et

138 854 296 915 redeundo
312 855 348 913 de
364 854 449 913 dictis
464 855 543 926 locis,
559 858 704 932 usquead
720 865 833 915 certum
850 858 1029 916 conveniens
1047 868 1176 933 tempor,

86 949 89 954 ’
139 955 275 1016 inbonis
293 967 321 1014 ct
343 956 494 1032 personis;
515 974 574 1032 quo
594 965 728 1034 tempore
752 958 868 1028 medio,
889 958 916 1016 d.
937 957 1105 1016 leodiensis
1121 957 1174 1016 ba-

140 1057 224 1117 bebit
243 1056 481 1116 advisamentum
499 1074 591 1133 super
613 1057 823 1136 impetratione
844 1059 946 1136 gratiae
969 1069 998 1116 et
1023 1058 1174 1117 remissio·

140 1157 188 1217 nis
213 1157 431 1235 predictorum,
454 1157 551 1215 medio
572 1157 686 1216 domini
708 1159 810 1236 iegati,
832 1159 929 1218 taliter
946 1157 1027 1236 quod
1050 1159 1174 1236 predicti

140 1258 358 1319 rationabiliter
370 1257 525 1318 habebunt
536 1259 718 1319 occasionem
732 1279 763 1319 se
777 1261 916 1320 laudandi
929 1264 965 1320 de
978 1261 1042 1338 ipso
1053 1259 1174 1318 domino

140 1360 304 1420 Leodicnsi.

183 1462 332 1533 Secundo,
347 1460 387 1519 iili
402 1460 438 1519 dc
456 1460 548 1539 patria
564 1459 720 1519 Leodiensi
737 1461 788 1536 qui
799 1460 967 1538 junxerunt
983 1480 1012 1519 sc
1027 1460 1186 1537 praedictis

140 1562 289 1636 exulibus,
310 1561 413 1620 dantes
431 1560 502 1638 ipsis
518 1559 660 1634 savorem,
684 1559 839 1618 retrahent
853 1579 884 1619 sc
899 1559 934 1618 ad
952 1560 1012 1617 loca
1030 1579 1082 1618 sua
1100 1559 1175 1638 paci·

141 1663 198 1724 fiee
213 1681 279 1721 cunr
297 1661 399 1720 eadem
415 1660 584 1730 securitate,
596 1660 799 1719 continuando
811 1679 900 1737 opera
917 1669 946 1719 et
962 1661 1175 1738 negotiationes

140 1783 220 1824 suas.

102 1917 105 1923 ,
182 1862 294 1935 Tertio,
309 1872 473 1939 'postquam
496 1857 551 1917 lrcc
569 1865 649 1936 gesta
675 1857 787 1916 luerint
802 1869 830 1918 et
853 1860 971 1935 utrique
996 1861 1176 1919 retraxerint

140 1986 183 2040 se,
199 1962 320 2023 venient
339 1978 443 2018 omnes
470 1958 506 2016 de
529 1959 646 2016 civitate
669 1959 699 2017 in
722 1959 844 2034 eampis,
860 1958 1001 2036 depositis
1017 1960 1131 2019 vexillis
1146 1970 1176 2019 et

140 2067 233 2128 armis
248 2083 314 2142 quae
333 2069 568 2138 resumpserant,
586 2069 615 2118 ct
629 2080 661 2119 ca
678 2061 777 2118 omnia
793 2059 1009 2138 consignabunt
1021 2061 1055 2118 ad
1070 2080 1175 2121 manus

141 2168 169 2226 d.
195 2164 378 2233 Laodicnsis3
397 2173 426 2221 et
441 2161 497 2220 boe
514 2161 599 2229 lacto,
616 2162 680 2239 ipsc
702 2161 826 2221 intrabit
841 2162 989 2221 civitatem
1006 2181 1088 2221 suam
1106 2165 1175 2222 Leo·

141 2270 274 2328 diensem
296 2265 333 2324 ad
358 2263 576 2342 beneplacitum
603 2282 689 2321 suum
716 2275 745 2322 et
768 2262 888 2322 fructur
909 2263 970 2322 suis
991 2263 1123 2324 dominio
1146 2275 1176 2323 et

137 2368 347 2450 jurisdictione
362 2365 438 2426 sieut
455 2365 546 2442 prins.
569 2384 586 2419 >a

183 2474 262 2530 Dans
278 2469 348 2529 binc
369 2467 438 2526 inde
459 2465 571 2526 cedulis
594 2467 623 2523 in
648 2476 776 2540 utroque
797 2483 951 2537 sermone,
967 2467 993 2523 d.
1018 2466 1175 2543 episcopus
1189 2489 1295 2536 contecto
1318 2494 1372 2534 sum
1395 2500 1432 2533 ce-

142 2569 311 2630 leodiensis
326 2586 394 2626 cum
406 2585 458 2626 sua
472 2565 608 2624 comitiva
628 2565 716 2623 rediit
730 2566 898 2642 Trajectum
909 2585 916 2635 ;
928 2565 1040 2643 legatus
1057 2583 1175 2624 reman-

141 2674 225 2734 sitin
241 2680 390 2731 conventu
406 2669 626 2728 Observantum
644 2667 686 2743 tt)
702 2684 755 2741 pro
770 2664 879 2725 civium
897 2667 986 2724 tritela
1006 2677 1035 2723 et
1052 2685 1174 2743 persua-

142 2776 226 2835 sione
248 2773 283 2830 ad
305 2770 519 2848 acceptandum
540 2769 648 2844 petita,
677 2767 834 2825 securitate
862 2767 946 2838 ‹lata3
976 2784 1049 2840 quos
1072 2784 1175 2825 onmes

141 2877 256 2956 legatus
273 2874 362 2950 pavit,
381 2873 463 2930 nullo
483 2868 613 2930 audente
635 2868 707 2946 ipsis
727 2867 892 2926 necessaria
914 2868 950 2926 ad
973 2867 1082 2925 victum
1103 2886 1176 2926 veu-

141 2981 223 3040 dere.
243 2980 343 3036 Durus
365 2977 447 3035 visus
465 2983 509 3033 est
524 2973 566 3033 eia
582 2972 630 3031 bic
645 2988 759 3042 sermo;
777 2971 971 3031 nibilominus
992 2972 1100 3050 populo
1121 2971 1177 3030 bec

141 3078 250 3139 referri
261 3077 371 3136 debere
383 3086 412 3136 et
425 3073 608 3154 persuaderi,
622 3084 680 3130 tam
698 3091 751 3150 pcr
766 3070 846 3150 ipsos
863 3090 951 3147 quarn
969 3090 1021 3148 per
1037 3073 1176 3151 legatum.

142 3179 240 3239 Suasit
259 3179 301 3237 eis
321 3179 435 3256 legatus
456 3185 488 3233 ut
507 3172 642 3234 redirent
664 3174 700 3232 ad
722 3173 869 3232 civitatem
897 3184 926 3230 et
952 3173 1041 3249 petita
1065 3174 1176 3251 populo

142 3289 337 3358 exponerent,
359 3288 388 3336 et
408 3286 554 3353 quantum
578 3282 697 3350 possent
719 3292 752 3331 ea
778 3273 993 3348 persuaderent
1020 3291 1073 3350 pro
1097 3273 1175 3332 bono

88 3433 90 3437 ,
142 3379 237 3460 pacis;
254 3380 318 3456 ipsc
339 3388 438 3436 autem
462 3382 632 3433 remaneret
654 3373 781 3450 Trajecti
806 3391 873 3431 cum
900 3371 1020 3430 domino
1040 3372 1176 3450 episcopo

142 3480 297 3541 Leodicnsi
309 3479 345 3538 ad
358 3477 574 3537 continendum
590 3474 689 3552 ipsum
705 3473 742 3532 ab
758 3473 910 3532 invasione
927 3490 1090 3543 armorum,
1104 3489 1177 3547 quo·

1203 2547 1256 2593 dulc
1291 2545 1346 2591 hine
1379 2543 1434 2591 indo

1203 2617 1275 2672 super
1286 2601 1434 2664 petitionibus

1203 2669 1289 2708 mutuis

143 3581 223 3641 niam
243 3577 426 3657 intelligebat
450 3577 559 3635 multos
578 3576 657 3658 apud
681 3576 777 3650 ipsum
801 3593 863 3632 csse
885 3573 1040 3630 incitantes
1056 3591 1123 3630 cnm
1140 3573 1175 3632 ad
1233 3659 1235 3664 A

177 3826 214 3885 lt)
231 3823 448 3886 bix-la-Chapellc
465 3835 499 3871 ou
517 3820 666 3881 Reckbeim3
685 3827 753 3868 cette
770 3818 885 3869 derniere
897 3818 996 3869 locatite
1009 3817 1054 3867 tait
1071 3818 1176 3880 aujour-

143 3913 214 3964 d'hui
227 3914 307 3975 partie
316 3912 378 3962 dela
392 3911 510 3973 province
522 3910 554 3959 (le
563 3909 705 3971 Limbourg.

177 3999 214 4060 (tl
233 4000 303 4049 Lisez
313 3998 503 4048 Observulium.
