3088 4926
199 638 290 698 super
303 620 348 678 nis
360 637 419 679 uon
432 631 552 698 cogeret
562 639 598 680 ne
610 621 639 679 in
654 621 779 698 maiores
797 622 962 683 inciderent
974 621 1166 700 calamitates,
1178 626 1231 686 sed

198 722 325 799 ipsemet
339 740 373 780 cx
390 738 445 778 suo
461 719 556 780 allicio
571 721 735 799 corrigeret
756 739 814 798 que
833 725 1009 802 corrigenda
1031 734 1143 797 essent,
1164 744 1231 786 cum

199 821 270 900 satis
293 822 408 882 notorie
429 831 611 900 apparerent
631 842 664 882 ca
686 841 745 899 que
769 833 986 885 concernerent
1001 825 1078 902 juris
1099 827 1233 888 Ecclesiae

157 986 160 994 ,
199 923 361 982 lesionem:
383 922 527 982 intellexit
553 923 667 999 legatus
692 921 751 982 lide
775 922 865 1002 digno
893 925 988 985 relatu
1015 927 1129 1004 aliquos
1154 928 1234 988 inter

198 1023 333 1082 Ecclesiae
354 1033 454 1100 patres
477 1023 605 1083 existere
627 1025 657 1082 in
679 1023 763 1084 ducis
785 1025 968 1086 voluntatem
992 1045 1102 1105 pronos
1124 1047 1180 1089 uec
1200 1029 1232 1089 iu

200 1125 323 1184 minimo
336 1125 456 1200 quidem
469 1125 524 1184 sibi
537 1124 739 1185 contradicere
754 1145 859 1200 ausos;
874 1146 1003 1204 quorum
1017 1129 1156 1207 prinecps
1169 1142 1233 1191 erat

197 1225 346 1286 Robertus
359 1225 396 1284 de
408 1225 616 1300 llolreaumeo,
632 1225 801 1286 leodiensis
813 1228 934 1288 ecclesie
948 1247 1025 1288 unus
1037 1248 1072 1288 ex
1085 1228 1233 1289 archidia-

126 1335 127 1338 ’
200 1327 348 1408 οοιιίε(1);
362 1329 463 1406 plures
474 1346 545 1386 vero
558 1337 652 1387 status
664 1329 790 1388 Ecclesie
801 1330 954 1404 zelatores,
971 1331 1067 1389 Deum
1084 1331 1232 1405 timentes,

199 1447 253 1506 pro
270 1429 392 1488 veritate
407 1428 549 1508 loquendi
567 1428 704 1507 cupidos,
720 1431 831 1490 veritos
852 1439 952 1490 tamen
973 1449 1009 1490 nc
1030 1431 1107 1491 dicta
1127 1449 1233 1492 eorum

199 1528 296 1606 palam
320 1529 390 1588 loris
412 1530 684 1589 ennunctiarcntur
705 1530 877 1590 subsistere.
893 1531 1094 1604 Quamobrem
1110 1532 1233 1610 legatus,

162 1695 165 1703 ,
200 1631 322 1690 consilio
344 1631 432 1690 etiam
454 1630 586 1708 episcopi
608 1639 637 1689 et
658 1630 785 1690 aliorum
808 1632 940 1710 plurium
963 1631 1117 1707 inductus,
1139 1632 1177 1692 ab
1199 1651 1235 1693 eo

201 1733 285 1811 prius
306 1743 336 1794 et
356 1732 477 1791 denium
500 1732 537 1792 ab
559 1730 623 1790 aliis
639 1732 852 1810 jusjurandum
875 1733 986 1810 exegit,
1010 1743 1099 1810 prout
1120 1734 1234 1792 astricti

202 1845 287 1892 erant
298 1835 328 1892 in
340 1851 462 1892 suarnux
476 1833 662 1913 susceptione
674 1833 863 1910 dignitatum,
875 1843 905 1892 et
916 1833 1113 1892 anathematis
1123 1853 1234 1912 vpieriam

202 1953 234 1992 ac
249 1934 319 1994 alins
334 1935 488 1993 canonicas
503 1952 644 1993 censuras
659 1933 764 1992 indixit
781 1933 953 2010 utquisque
968 1952 1056 1993 suurn
1078 1953 1133 2012 pro
1152 1945 1234 1993 tanta

203 2055 236 2094 re
251 2036 378 2095 liberum
396 2035 543 2114 proferret
555 2033 708 2112 juditium,
726 2053 801 2093 neve
817 2035 912 2111 palam
926 2033 1047 2094 cllerret
1058 2034 1138 2112 quod
1149 2035 1187 2094 ab
1199 2053 1234 2094 eo

203 2136 249 2197 vel
261 2137 325 2196 aliis
337 2137 495 2210 diceretur,
506 2136 557 2195 sed
569 2136 675 2196 secreti
687 2147 772 2195 tenax
785 2149 872 2196 esset.
889 2138 931 2196 Re
945 2137 1036 2215 igitur
1050 2137 1092 2195 sie
1108 2146 1234 2213 peraeta,

203 2239 367 2297 multorum
397 2255 481 2297 voces
509 2237 602 2296 libere
628 2238 741 2316 prolate
766 2249 853 2313 suut,
878 2238 1057 2316 generaliter
1083 2239 1235 2316 negotium

202 2339 301 2416 ipsum
314 2339 532 2416 contingentem
546 2339 595 2398 sed
610 2347 643 2397 ut
655 2358 701 2398 res
713 2338 776 2415 ipsa
788 2339 893 2416 majori
903 2339 1047 2417 gravitate
1059 2349 1088 2397 et
1100 2337 1235 2398 examine
1247 2376 1250 2382 -

206 2437 410 2515 perficeretur,
427 2438 576 2518 deputatis
599 2458 649 2498 sex
669 2439 816 2499 canonicis
837 2440 1014 2499 auctoritate
1034 2438 1114 2498 inter
1134 2456 1184 2497 eos
1206 2446 1236 2496 et

201 2540 271 2615 jure
289 2539 491 2618 peritioribuS,
507 2539 557 2615 qui
571 2539 712 2598 articulos
729 2539 808 2617 ipsos
823 2539 981 2616 diligenter
1002 2538 1184 2615 inspicerent
1206 2548 1236 2597 ct
1297 2537 1299 2540 ’

207 2659 265 2716 que
279 2640 469 2699 reformanda
485 2640 515 2699 in
531 2639 576 2698 his
591 2650 691 2698 essent
708 2639 744 2698 ad
759 2638 884 2698 Ecclesie
899 2639 1118 2698 restitutionem
1137 2637 1234 2698 diseu-

208 2751 305 2800 tercut
329 2749 362 2799 et
381 2741 596 2814 examinarent,
618 2758 650 2798 ae
671 2739 766 2816 legato
787 2739 818 2798 iu
841 2738 957 2815 seriptis
980 2738 1146 2812 traderent,
1168 2749 1235 2798 octo

207 2840 323 2900 dierum
338 2841 466 2919 spatium
483 2860 538 2919 pro
551 2840 599 2899 his
614 2839 794 2917 exequendis
810 2841 936 2918 petitum
948 2847 978 2899 et
988 2837 1091 2897 datum
1102 2848 1157 2898 est.
1169 2839 1234 2912 Quo

206 2941 384 3000 adveniente
403 2941 439 3000 ad
458 2942 587 3020 legatum
608 2941 731 3015 reversi,
750 2939 804 2999 hos
823 2940 849 2999 ei
869 2938 1076 2998 reformandos
1095 2937 1236 2997 articulos

206 3043 387 3102 exibueruut
397 3042 474 3102 inira
486 3041 660 3121 descriptos,
672 3041 813 3119 quoniam
829 3040 865 3100 ad
881 3060 944 3101 rem
960 3049 1092 3101 nostram
1108 3039 1235 3098 maxime

206 3147 358 3228 pertinere
373 3155 554 3219 noscuntur-3
568 3144 620 3223 qui
635 3145 722 3205 etiam
743 3163 796 3223 per
816 3145 990 3222 magistrum
1010 3141 1178 3202 Johauuem
1198 3141 1235 3201 dc

206 3248 360 3322 Serennia,
377 3247 522 3306 decanum
539 3246 681 3323 majorem
701 3242 891 3304 Leodiensem
907 3244 958 3322 (2),
974 3244 1074 3322 paucis
1090 3254 1156 3321 post
1171 3241 1236 3300 die·

208 3348 262 3408 bus
277 3367 375 3407 eoram
392 3348 509 3424 publico
529 3348 594 3424 ejus
615 3347 730 3405 notario
750 3346 785 3404 nd
808 3365 913 3404 uranus
935 3345 1020 3421 legati
1043 3342 1143 3403 traditi
1166 3354 1236 3402 sunt

207 3459 298 3528 prout
313 3460 482 3527 sequnntur
496 3469 504 3508 ι

242 3793 277 3858 (l)
294 3794 389 3843 Robert
397 3793 428 3842 de
441 3791 577 3842 Morialrue.
586 3791 655 3856 (Voy.
665 3805 696 3838 oe
704 3790 797 3848 Tarax,
808 3801 849 3852 op.
861 3789 910 3847 eit,
927 3795 943 3835 t.
954 3785 984 3851 ll,
995 3800 1017 3849 p.
1028 3784 1096 3846 utu.)

239 3880 275 3944 (ἓ)
291 3880 390 3929 teande
398 3879 510 3945 seraing,
519 3877 750 3941 ‹inpendendisl'an
759 3874 909 3940 1456.(Voy.
920 3887 951 3923 oa
960 3874 1056 3930 Tacui,
1065 3877 1074 3920 t
1083 3869 1126 3930 .ll,
1137 3882 1159 3931 p.
1168 3867 1235 3932 235.)
