3088 4926
782 441 939 538 (rit)

349 592 503 658 presentes
514 593 600 643 erant
609 599 714 643 eorum
727 581 773 660 pia
785 591 814 640 et
825 581 991 641 miseranda
1003 582 1172 659 responsi03
1186 581 1238 641 sed
1249 585 1329 662 quia,
1340 587 1378 647 ob

347 681 583 744 conminationes
598 671 693 761 pridie
707 680 875 743 aratoribus
892 680 933 762 (l)
947 682 1048 760 legati,
1063 683 1193 760 episcopi
1209 685 1378 762 eteivitatis

347 783 454 844 inlatas
468 803 523 864 per
537 784 723 864 burgundos,
738 783 787 842 vin
801 782 908 859 aliquis
920 783 1133 863 reperiebatur
1143 786 1196 862 qui
1210 797 1294 848 extra
1304 789 1378 849 eivi-

350 895 439 945 totem
464 885 501 944 ad
525 883 702 964 Burgundos
727 885 809 944 exire
832 883 870 943 ed
894 883 951 944 hee
974 885 1016 944 eis
1041 887 1279 947 conmunieanda
1300 888 1378 950 foret

349 1003 449 1058 ausus,
467 987 574 1046 missus
588 998 634 1046 est
648 985 771 1045 nuntius
790 983 913 1062 'quidam
936 985 1070 1062 privatus
1092 987 1208 1046 satelles
1229 987 1267 1046 ad
1289 987 1377 1050 duces

349 1087 496 1147 exereitus
512 1087 751 1166 Burgundorum‚
767 1109 784 1144 u
800 1099 834 1147 ut
848 1087 944 1146 saltim
960 1105 1038 1146 tanus
1056 1105 1161 1146 eorum
1177 1088 1215 1148 ad
1230 1089 1377 1150 civitatem

350 1189 467 1248 veniret
480 1188 516 1247 ad
532 1188 753 1267 intelligendam
768 1186 877 1245 bonam
898 1199 1028 1246 mentem
1047 1187 1156 1248 civium
1179 1207 1249 1267 erga
1272 1192 1376 1250 ducem

349 1299 380 1350 et
397 1288 647 1348 conmunieandas
666 1285 805 1347 honestas
824 1287 903 1366 pacis
922 1286 1115 1362 conditiones,
1132 1297 1291 1367 postquam
1306 1309 1377 1351 con·

298 1463 299 1466 ¹
351 1389 563 1450 minationibus
579 1388 787 1449 deterruerant
805 1406 1000 1466 quoscunque
1021 1390 1052 1448 in
1074 1389 1193 1448 civitate
1207 1391 1378 1465 existentes,

349 1509 387 1550 ne
402 1490 439 1551 ad
453 1491 533 1569 ipsos
548 1489 736 1560 accederent;
750 1489 930 1568 interimque
944 1479 1165 1550 incursionibus
1181 1503 1210 1550 et
1227 1494 1327 1571 preliis
1347 1512 1377 1552 se

348 1592 522 1652 detinerunt
535 1593 576 1670 (2)
592 1613 619 1650 a.

391 1693 530 1754 Deiectus
551 1701 596 1754 est
619 1693 656 1752 ed
678 1691 754 1752 hane
772 1692 949 1770 legationem
972 1691 1135 1771 perduces
1158 1693 1308 1754 exercitus
1327 1695 1376 1772 qui

351 1796 477 1873 Tongris
498 1803 583 1854 erent
600 1793 734 1875 (absente
753 1804 826 1852 tunc
845 1794 1028 1868 marescalco,
1044 1803 1083 1864 et,
1100 1802 1257 1872 postquam
1279 1795 1378 1868 rediit,

351 1897 525 1974 increpante
547 1894 667 1969 iactum)
682 1896 730 1954 vir
753 1893 877 1974 insignis
896 1895 1001 1954 Petrus
1023 1892 1222 1970 llachembae,
1244 1897 1327 1958 miles
1349 1910 1378 1956 et

352 1995 492 2074 magister
502 1993 624 2073 hospitii
635 1993 806 2074 Burgundie
818 1992 900 2054 ducis
909 1993 1028 2073 (5)‚qui,
1039 1995 1166 2073 acceptis
1179 1996 1286 2056 litteris
1297 2016 1376 2057 secu·

352 2096 446 2156 ritatis
468 2105 498 2156 et
519 2095 758 2156 salvieonductus
779 2117 795 2154 a
817 2097 922 2176 legato,
941 2097 1079 2176 episeopo
1094 2105 1123 2155 et
1137 2093 1324 2173 civibus,'die
1339 2118 1376 2158 xv

353 2196 462 2272 mensis
479 2196 619 2270 octobris,
633 2215 693 2256 una
707 2215 775 2256 eum
790 2196 977 2276 quatraginta
991 2195 1034 2273 (l)
1049 2197 1213 2273 equitibus,
1229 2199 1375 2260 civitatem
1397 2260 1398 2265 ,

351 2299 502 2376 ingressus
513 2306 571 2371 est3
584 2317 618 2358 ac
633 2301 729 2376 primo
743 2315 878 2358 seorsum
892 2316 959 2358 cum
971 2299 1072 2376 legato·
1082 2307 1112 2358 et
1123 2299 1262 2380 episeopo
1280 2300 1378 2360 multis

350 2397 539 2458 sermonibus
563 2397 671 2459 habitis
696 2417 788 2478 super
812 2398 907 2459 lorma
936 2398 1090 2459 tractande
1116 2409 1147 2460 et
1171 2400 1378 2479 componende

351 2499 438 2577 pacis,
449 2519 480 2560 se
492 2510 554 2577 toto
565 2501 637 2560 nixu
652 2500 873 2560 elaboraturum
887 2519 941 2577 pro
956 2519 1028 2579 paee
1044 2499 1229 2560 conficienda
1251 2501 1378 2562 firmiter

350 2600 497 2678 pollicitus
521 2611 574 2674 est,
595 2599 710 2662 dellens
732 2611 791 2661 tam
816 2600 963 2680 insignem
985 2601 1135 2662 civitatem
1167 2602 1325 2663 delendam
1350 2611 1379 2663 et

348 2700 564 2761 incendendam
584 2702 638 2762 nisi
658 2720 715 2780 pax
735 2701 918 2762 conficietur.
936 2704 1077 2776 Demum,
1098 2705 1267 2764 convocetis
1284 2704 1377 2764 eecle-

348 2801 459 2862 siarum
478 2801 615 2880 patribus
632 2801 768 2874 civitatis,
783 2803 956 2882 proceribus
972 2812 1001 2862 ct
1013 2803 1128 2882 ingenti
1146 2805 1256 2882 populo
1272 2823 1371 2865 eorem

349 2903 453 2981 legato,
478 2904 617 2982 episcopo
641 2913 671 2962 et
696 2904 784 2962 Petro
809 2903 1004 2976 Hacltenbah,
1022 2903 1153 2964 Amelius
1180 2904 1217 2964 de
1239 2905 1376 2983 Velroys,

351 3005 439 3064 totius
454 3004 579 3063 civitatis
595 3003 725 3077 nomine,
740 3003 844 3063 eadem
856 3004 890 3063 in
907 3004 1016 3066 effectu
1035 3005 1190 3083 replicavit
1203 3024 1262 3083 que
1275 3023 1375 3066 coram

350 3104 444 3182 legato
462 3111 492 3163 et
510 3104 648 3182 episeopo
664 3103 761 3182 pridie
773 3093 910 3166 dixerent
924 3106 1011 3186 longo
1026 3118 1055 3167 et
1068 3114 1208 3166 eeeurato
1225 3124 1375 3180 sermone,

383 3446 420 3509 (1)
436 3448 508 3498 biset
518 3445 676 3498 oratoribus.

383 3531 421 3596 (t)
435 3533 508 3582 Lisez
518 3533 671 3594 detinerent,
683 3545 716 3582 ou
728 3531 811 3596 plutbt
823 3535 973 3585 retinerent.

383 3617 420 3680 tili
435 3619 522 3670 Pierrc
537 3618 569 3668 de
587 3619 745 3680 llcgenbaeb,
760 3619 818 3683 plus
833 3621 889 3670 tard
905 3630 1063 3683 gouverneur
1079 3619 1125 3670 des
1141 3619 1272 3670 demaines
1287 3633 1339 3682 que
1355 3619 1379 3671 ie
1402 3611 1407 3616 “

350 3705 510 3756 ducebarles
518 3705 597 3755 tenuit
605 3719 637 3755 en
645 3717 710 3770 gage
718 3707 750 3758 de
758 3706 895 3757 l’arcbidue
903 3706 1046 3770 Sigismond
1061 3705 1158 3766 G’etait,
1166 3707 1202 3756 dit
1214 3721 1244 3755 ar
1255 3707 1380 3770 Benene,

355 3810 366 3837 ι
384 3805 417 3842 un
434 3792 478 3842 des
495 3791 609 3842 hommes
626 3793 661 3843 les
677 3793 733 3855 plus
748 3792 831 3844 erneis
843 3799 868 3844 et
880 3793 916 3843 les
927 3793 984 3856 plus
1000 3793 1105 3842 violente
1116 3793 1161 3855 qui
1173 3798 1276 3842 eussent
1286 3791 1379 3854 iamais

351 3877 441 3928 exerce
450 3879 554 3942 pouroir
563 3893 608 3929 sur
618 3893 652 3929 un
665 3880 756 3942 peuple
765 3895 788 3929 r.

386 3965 420 4029 (t)
438 3964 510 4016 Lisez
522 3965 708 4031 qoeurcpinte.
