3102 4914
522 454 792 552 unumne

638 726 673 768 DU

218 921 518 1055 ninas
586 949 1093 1063 ononimus

626 1238 679 1278 Sllll

328 1441 399 1512 1.Εὸ
423 1441 615 1513 illunis
640 1445 691 1512 DE
717 1431 834 1516 llius
856 1439 1003 1553 (laesi

137 1921 183 1982 Ad
207 1919 425 1980 Beatissimum
447 1921 536 1981 Ponl.
560 1923 645 1981 Mac.
672 1919 804 1982 Paulum
829 1919 993 1982 secundum
1021 1925 1166 2001 Houolrii

179 2020 398 2082 Tricaricensis
413 2021 547 2103 episcopi
561 2019 697 2082 derebus
712 2021 746 2080 in
757 2040 815 2082 sna
830 2019 979 2103 lcqelione
990 2024 1165 2103 nernieniea

174 2121 267 2204 yeslis
280 2129 306 2181 el
321 2121 454 2182 ciuitatis
469 2119 641 2182 Leodieusis
657 2109 773 2182 incidie
787 2123 1003 2183 conventuriam
1014 2124 1068 2202 (l).

173 2321 323 2381 Pollicitus
338 2339 405 2380 sum
420 2319 569 2398 aliquibus
589 2321 696 2382 litteris
711 2322 784 2381 meis
800 2337 833 2382 ex
850 2323 1028 2400 Aquisgeani
1048 2321 1166 2402 scriptis

132 2421 368 2482 adSauclilalem
384 2432 476 2495 tuam,
491 2422 659 2483 beatissime
672 2424 770 2500 Palen,
788 2442 835 2483 me
847 2423 1029 2501 scripturum
1044 2441 1165 2483 comen-

134 2523 271 2583 carinium
292 2521 410 2582 fidelem
430 2532 460 2584 cl
473 2542 580 2584 verum
596 2511 848 2602 quemadmodum
867 2524 1014 2584 excidium
1034 2536 1063 2583 el
1077 2525 1165 2584 mise·

126 2623 225 2684 nobile
256 2623 428 2684 incendium
455 2624 577 2703 insignis
606 2626 677 2686 olim
707 2611 832 2686 civitatis
861 2624 1038 2700 leodiensis,
1063 2637 1163 2687 sancte

132 2727 262 2786 llomane
275 2726 397 2786 ecclesie
413 2727 573 2807 peculiaris
587 2726 658 2801 filie,
672 2711 848 2787 successerit
862 2745 870 2786 ε
891 2727 1100 2804 tempestivum
1118 2736 1163 2787 esc

133 2833 165 2885 ut
178 2825 279 2886 debito
294 2825 401 2888 honori
416 2835 446 2886 el
457 2827 573 2905 justitie
588 2827 758 2887 Sanclicalis
780 2835 830 2886 lue
852 2835 881 2886 et
902 2813 1162 2906 apostolicaesedis,

132 2945 163 2987 ac
176 2928 323 2988 voluntati
338 2929 464 2988 aliorum
481 2930 643 2993 multorum
661 2929 713 3006 qui
729 2947 792 2988 rem
807 2937 920 3008 gestam
944 2942 1031 2990 nosse
1045 2929 1160 2990 doside-

132 3038 207 3103 raul,
236 3027 343 3087 faciam
376 3030 446 3089 salis
481 3041 511 3090 et
539 3049 586 3090 me
620 3029 770 3092 absolvam
797 3014 993 3110 promissione
1022 3050 1097 3105 mea,
1130 3040 1163 3091 ut

132 3129 272 3189 amnibus
284 3129 450 3190 innotescat
460 3131 650 3191 sanctitatem
665 3139 746 3190 luam
763 3150 817 3211 pen
832 3116 1162 3194 suosministnos'necle

134 3241 162 3290 et
179 3241 296 3303 sancte,
312 3241 345 3291 ut
367 3231 507 3310 angelum
527 3233 582 3292 Dei
603 3233 696 3304 (luctet²
718 3233 749 3293 in
770 3232 827 3294 liae
849 3253 882 3294 ne
904 3223 1092 3315 processisse,
1107 3238 1162 3297 etsi
1199 3240 1201 3246 '

134 3329 340 3406 invindictam
362 3332 450 3392 nimis
466 3341 596 3392 atrocem
612 3352 666 3412 pce
680 3333 754 3394 alius
767 3323 920 3395 excessum
937 3315 988 3395 esi
999 3335 1046 3394 vel
1067 3335 1163 3396 medi-

134 3432 197 3491 cina
209 3433 332 3493 modum
343 3434 469 3495 excessit
479 3434 571 3514 (Deus
583 3446 613 3496 ec
623 3435 680 3512 ipsi
692 3434 812 3495 videant
818 3434 845 3513 l).
857 3437 924 3496 Non
935 3437 1015 3514 quod
1027 3437 1056 3496 in
1067 3438 1163 3516 scrip-

135 3535 170 3594 lls
184 3535 258 3595 meis
277 3536 405 3612 aliquem
420 3537 629 3615 calumpniari,
648 3536 784 3616 judicare
798 3539 844 3599 vel
859 3539 1163 3613 condemnarevelim·

164 3797 200 3862 (l)
218 3797 253 3847 Le
267 3799 405 3848 manuscrit
416 3798 502 3864 ajoulc
512 3801 636 3864 primum,
645 3801 663 3850 ll
679 3790 744 3852 n'est
758 3815 801 3865 pas
811 3801 928 3869 probable
937 3804 999 3866 qu’il
1009 3817 1023 3866 y
1035 3802 1071 3853 ait
1083 3818 1114 3854 eu
1124 3817 1160 3859 uu

135 3884 224 3934 second
233 3884 361 3934 minione.
374 3885 411 3934 En
424 3892 480 3936 lone
491 3899 541 3946 eas,
553 3900 651 3937 comme
662 3901 731 3957 nous,
739 3902 771 3939 ue
782 3889 920 3961 posse'clous
929 3904 982 3962 nque
998 3891 1109 3950 celui-ci,
1116 3890 1161 3953 j'ai

137 3981 180 4021 ceu
190 3971 250 4034 qu'il
260 3971 340 4022 lallait
348 3971 410 4022 iane
422 3973 571 4036 disparallee
583 3987 612 4025 oe
620 3981 672 4026 mol
684 3975 718 4026 du
728 3976 794 4026 titre.
807 3982 809 3988 ’
