3126 4906
373 559 466 624 tutos,
479 583 497 620 »
513 564 625 641 Elapsis
640 563 722 624 horis
737 557 853 656 duabus
866 575 900 625 ut
915 559 1056 641 diximus,
1072 557 1249 630 Lentienses
1260 571 1292 631 in·
1305 571 1410 632 civita·

376 673 447 738 tem,
459 660 613 744 Burgundi
626 665 657 725 in
670 659 723 727 sua
736 663 864 743 quisquc
875 678 971 728 castra
982 686 1124 747 recepere
1135 689 1177 744 se;
1189 680 1217 732 et
1229 668 1318 751 paulo
1331 681 1409 752 post,

374 763 437 826 sere
452 766 489 825 od
505 765 594 827 horas
611 765 695 838 duas,
716 769 873 846 episcopus
888 780 918 828 et
932 770 1153 832 Humbercourt
1168 791 1184 831 a
1199 765 1275 834 duce
1290 773 1409 834 rediere

374 865 504 926 maximo
524 863 645 944 frigore,
658 865 742 927 *lame
762 877 791 929 et
805 869 853 928 siti
872 869 1014 939 coniecti*=
1033 871 1243 949 intellectoque
1262 873 1406 935 anteriori

374 975 457 1038 motu
477 975 507 1026 ct
532 967 738 1028 leodiensium
765 970 890 1042 insultu,
913 989 974 1030 non
989 969 1188 1032 *mediocriter
1211 973 1405 1052 obstupuere.

371 1064 553 1146 Expectabat
566 1063 678 1149 legatus
690 1069 873 1146 quidnamin
884 1089 977 1130 cesus
990 1072 1126 1150 responsi
1136 1071 1307 1133 afferrenta
1319 1074 1405 1147 duce,

372 1174 414 1227 an'
426 1167 503 1228 liber
517 1180 596 1228 esset
609 1169 656 1229 vel
676 1171 820 1248 captivus,
835 1182 865 1230 et
884 1191 921 1230 on
944 1172 1138 1251 conloquium
1160 1174 1325 1251 expetitum
1343 1175 1404 1236 dux

372 1261 538 1347 acceptaret
557 1270 604 1329 vel
620 1280 788 1344 recusaret;
806 1273 1055 1350 cumque‘nullus
1073 1291 1215 1351 responsa
1232 1273 1326 1348 daret,
1344 1291 1405 1336 non

370 1367 479 1451 parum
498 1371 613 1450 legatus
630 1367 844 1448 admirabatur,
864 1373 991 1432 maxime
1007 1391 1075 1433 cunr
1093 1373 1157 1451 ejus
1173 1377 1329 1455 numptius
1344 1393 1406 1441 non

368 1472 508 1533 rediisset
523 1475 573 1548 qui
590 1483 657 1552 post
676 1492 726 1533 eos
744 1493 811 1533 cum
835 1474 896 1534 suis
911 1473 1018 1534 litteris
1037 1474 1138 1536 luerat
1151 1478 1277 1551 missus;
1292 1485 1403 1538 etcum
1465 1487 1466 1490 ’

371 1560 589 1652 aliquantulum
604 1569 823 1653 cogitabundus
843 1575 1035 1648 substisisset,
1054 1577 1226 1655 episcopum
1242 1576 1407 1658 interroga·

370 1678 415 1737 vit
434 1687 451 1734 a
470 1695 506 1735 an
528 1676 564 1735 de
582 1695 615 1736 rc
635 1695 687 1736 sua
712 1696 779 1736 euru
799 1677 874 1736 duce
900 1676 1025 1736 verbum
1049 1677 1188 1737 iecissent
1203 1698 1238 1752 n,
1260 1679 1300 1746 nil
1323 1679 1405 1740 aliud

368 1769 528 1858 'respoudit
543 1779 599 1838 nisi
614 1789 727 1838 secrete
739 1777 776 1837 ad
789 1797 892 1838 aurem
904 1778 1061 1854 inquiens:
1079 1801 1097 1836 c<
1116 1779 1250 1838 Fecimus
1266 1776 1404 1856 verbani,

367 1890 400 1940 et
420 1867 471 1939 uos
491 1897 551 1938 non
573 1879 643 1939 estis
661 1879 795 1957 captivus
811 1900 839 1936 n.
855 1881 985 1938 Rursum
1009 1877 1144 1956 legatus:
1167 1901 1184 1936 u
1201 1880 1276 1952 Nou,
1297 1881 1405 1957 inquit,

372 2003 389 2037 n
412 1971 482 2040 satis
502 1980 645 2057 intelligo,
667 1979 691 2038 si
714 1980 848 2057 captivus
870 1996 929 2037 non
947 1997 1024 2052 sum,
1042 1977 1114 2055 quid
1136 1977 1184 2037 hic
1205 1996 1258 2058 ago
1278 1990 1331 2038 aut
1351 1988 1407 2040 cut·

371 2103 389 2136 n
412 2080 571 2139 familiares
593 2080 649 2138 mei
671 2097 788 2148 omnes,
805 2079 882 2140 bona
902 2087 933 2138 et
954 2079 1024 2156 equi
1039 2078 1077 2138 ab
1099 2078 1163 2138 aliis
1186 2078 1361 2141 detinentur
1375 2101 1405 2140 a.

372 2181 463 2240 Paulo
477 2180 619 2259 temporis
631 2181 726 2259 spatio
739 2180 906 2258 interjecto,
918 2199 985 2240 oum
998 2181 1166 2260 episcopus,
1182 2181 1406 2242 llumbercourt

368 2283 527 2360 et'Berges
547 2281 702 2360 paululum
727 2299 861 2341 seorsum
881 2281 1007 2341 luissent
1027 2281 1212 2360 conloquuti,
1230 2282 1351 2342 accessit
1366 2281 1402 2342 ad
1462 2333 1463 2336 ,
1491 2313 1496 2316 ·

370 2383 466 2442 locum
485 2381 534 2440 ubi
556 2381 670 2460 legatus
690 2389 754 2441 erat
775 2381 899 2441 illustris
918 2380 1046 2462 loannes
1065 2382 1174 2460 Berges
1195 2399 1332 2441 assereus
1344 2380 1402 2442 sibi

367 2484 468 2544 'honus
487 2481 528 2565 (l)
550 2483 720 2562 impositum
741 2482 867 2543 faciendi
890 2484 985 2562 legato
1007 2501 1187 2561 responsum
1208 2482 1293 2542 ducis
1310 2499 1403 2560 super

369 2585 416 2647 his
441 2605 500 2663 que
527 2604 581 2662 per
606 2585 779 2664 episcopum
804 2594 835 2645 et
862 2583 1085 2644 Humbercourt
1110 2583 1174 2662 ejus
1195 2582 1317 2644 nominc
1344 2582 1402 2646 sibi

368 2687 489 2747 lucrant
504 2687 594 2762 dieta3
611 2687 694 2764 cujus
709 2687 844 2764 responsi
859 2685 914 2746 hec
929 2697 991 2746 erat
1008 2701 1123 2746 summa
1136 2705 1143 2744 τ
1156 2708 1173 2743 a
1186 2705 1345 2765 sumopere
1359 2685 1401 2767 (ἓ)

368 2788 555 2868 displicuisse
566 2787 634 2849 duci
647 2806 705 2865 que
715 2787 917 2867 impersonam
930 2785 973 2866 (5)
986 2787 1049 2865 cius
1061 2795 1091 2846 et
1102 2805 1226 2848 suorum
1237 2797 1299 2847 acta
1315 2797 1402 2848 erant

368 2909 423 2968 per
447 2889 603 2948 domiuum
627 2889 664 2948 dc
685 2890 799 2965 Argue,
822 2905 856 2948 eo
882 2883 988 2959 inscio,
1016 2894 1117 2965 preter
1136 2895 1166 2946 et
1186 2899 1287 2946 contra
1315 2903 1401 2948 suam

367 2992 567 3061 voluntatem
584 2987 726 3066 quodque
740 2989 764 3048 si
780 2989 893 3068 legatus
908 2987 991 3048 ducis
1007 2986 1163 3048 corrsilium
1182 2987 1351 3066 accepisset,
1367 2999 1401 3048 ut

366 3095 514 3155 civitatem
534 3093 636 3152 exiens
655 3091 794 3152 evitasset
813 3091 977 3150 exercitum
997 3104 1086 3151 suum
1101 3100 1131 3151 et
1144 3099 1228 3149 trans
1242 3089 1353 3150 Mosam
1368 3089 1400 3150 in

367 3193 550 3254 alamaniam
570 3191 760 3265 discessisset,
782 3192 836 3252 hee
855 3181 915 3251 uon
935 3190 1026 3252 luisse
1046 3201 1188 3264 uentura3
1204 3189 1400 3250 nihilomiuus
1488 3244 1492 3248 .

365 3315 436 3356 eum
453 3313 513 3356 non
528 3313 593 3354 esse
606 3292 757 3372 captivum
773 3290 825 3352 sed
839 3291 979 3366 liberum,
994 3300 1023 3351 et
1037 3309 1218 3368 quocunque
1229 3291 1273 3350 ire
1283 3289 1400 3350 deside-

365 3405 447 3457 raret
459 3413 556 3475 posse3
567 3413 600 3454 ac
612 3393 733 3454 domino
745 3391 1010 3452 deHumbcrcourt
1021 3390 1175 3469 negotium
1186 3388 1399 3449 demandatum

361 3505 401 3557 'ut
423 3495 460 3556 ad
480 3492 686 3555 marescallum
700 3487 829 3552 crastino
848 3490 896 3551 die
916 3489 1113 3570 personaliter
1126 3489 1244 3550 accedat
1259 3496 1289 3549 et
1302 3487 1400 3566 legato

363 3834 365 3838 .
391 3783 434 3846 ,(1)
453 3783 501 3842 Sic,
514 3796 579 3846 pour
591 3795 666 3833 onus.

397 3869 433 3934 (2)
452 3867 486 3918 Ge
499 3877 552 3918 mot
561 3876 599 3918 est
610 3869 731 3919 douteux.

397 3957 432 4019 (ὅ)
450 3955 500 4020 Sic,
514 3968 577 4018 pour
590 3956 617 4004 in
628 3966 776 4018 personam.
