3102 4914
620 478 805 572 (7).

148 637 235 680 cause
256 636 397 697 processu
413 615 571 696 diligenter
592 618 749 691 instructo,
764 619 800 678 ad
818 607 903 680 'sedis
921 621 1082 698 apostolice
1104 620 1183 681 dcci-

148 722 262 782 sionem
279 720 414 782 remisso.

189 823 272 882 luter
285 819 355 894 bec,
374 837 442 880 cum
457 837 594 894 summus
608 819 742 899 pontifex
762 821 832 881 Pius
854 822 913 881 vita
928 821 1088 882 defunctus
1107 811 1184 882 esset
1197 855 1259 900 nors
1276 854 1310 900 p„
1322 867 1386 913 pp„

147 933 309 999 antequam
328 919 513 982 reverendus
528 929 614 999 puter
634 923 750 995 Petrus,
768 931 838 982 tune
853 922 973 984 auditor
988 924 1045 1002 (l),
1059 924 1184 984 Germa-

147 1025 199 1086 nia
213 1025 292 1086 lorct
312 1042 466 1104 egressus,
490 1023 529 1084 ad
547 1024 723 1084 sanctissimi
745 1024 838 1103 patris
856 1025 970 1086 domini
988 1025 1082 1086 nostri
1101 1026 1183 1085 Pauli

147 1121 283 1199 secundi,
298 1124 449 1203 pontilicis
468 1124 599 1198 maximi,
618 1126 796 1186 successoris
814 1125 878 1204 ejus
895 1125 948 1204 (d),
967 1146 1085 1186 sacrum
1101 1126 1184 1205 judi-

147 1227 228 1286 cium
254 1237 405 1286 reservata
427 1235 470 1286 cst
495 1224 586 1303 hujus
608 1225 802 1287 dissensionis
823 1227 947 1303 decisio;
969 1229 1033 1306 qui,
1059 1239 1093 1288 ut
1116 1229 1183 1307 pius

149 1337 234 1405 pater
255 1328 286 1388 in
308 1328 423 1388 ceteris
441 1327 531 1388 rebus
545 1328 630 1403 solet,
652 1330 813 1406 equitatem
835 1331 927 1408 rigori
944 1330 1062 1409 justitie
1083 1331 1183 1410 prele-

1 1414 2 1428 ’
85 1459 94 1468 ·
147 1449 229 1506 rens,
244 1429 344 1490 audita
359 1430 504 1491 relatione
523 1431 656 1509 ejusdcm
673 1431 753 1490 Petri
769 1432 1068 1511 tuncTyrasonensis
1089 1433 1185 1507 electi,

148 1531 252 1610 legatis
266 1531 421 1591 ambarum
438 1530 568 1609 partium
583 1532 828 1592 contendentium
847 1532 927 1610 apud
947 1532 1048 1593 sedem
1067 1543 1184 1612 aposto·

147 1635 235 1694 licam
250 1634 429 1704 constitutis,
444 1633 490 1694 bis
507 1645 637 1710 quatuor
655 1634 806 1694 mensium
823 1634 919 1712 spatio
938 1634 975 1693 ad
994 1635 1182 1696 concordiem

147 1734 311 1796 ineundam
327 1733 449 1808 indicto,
464 1745 495 1794 et
512 1735 584 1814 ipsis
598 1733 637 1796 ad
651 1745 750 1812 partes
766 1735 897 1794 remissis
908 1734 965 1794 sub
979 1735 1183 1813 spiritualibus

86 1879 91 1882 -
149 1845 179 1897 et
193 1835 410 1915 temporalibus
424 1836 510 1914 penis
528 1854 566 1895 ne
584 1835 705 1894 interim
725 1834 838 1911 aliquid
857 1834 1057 1895 innovarent:
1072 1835 1183 1896 nedum

149 1956 205 2015 pax
228 1947 342 2013 sequte,
369 1936 421 1997 sed
451 1937 544 1996 multa
568 1935 689 1996 interim
709 1935 773 2013 paci
792 1933 931 2009 adversa,
961 1935 1077 1997 diabolo
1097 1937 1183 1997 insti-

147 2046 252 2117 gante,
273 2046 355 2116 gesta
371 2036 505 2114 sunt(5).
525 2035 743 2111 Quamobrem,
765 2037 942 2096 sanctissimi
964 2037 1058 2116 patris
1070 2037 1184 2097 domini

149 2137 244 2197 nostri
270 2136 352 2196 Pauli
382 2136 514 2211 sccundi‚
545 2133 694 2215 pontilicis
722 2135 854 2212 maximi,
882 2138 1031 2197 sententie
1055 2138 1185 2216 promul·

148 2237 228 2318 gotio
246 2247 372 2314 sequuta
387 2247 432 2296 est
451 2237 481 2296 in
500 2235 582 2296 bunc
606 2235 658 2313 qui
675 2237 812 2312 sequitur
835 2236 955 2298 modum
975 2248 1004 2299 et
1020 2236 1184 2298 effectum:

195 2367 208 2394 ι
231 2341 345 2399 Verum
360 2349 390 2398 et
405 2337 527 2414 plenum
543 2337 721 2409 dominium,
740 2338 942 2415 omnimodam
962 2338 1185 2417 jurisditionem
1199 2363 1317 2411 Sententia
1337 2363 1359 2410 in
1380 2364 1442 2410 ravo·
1520 2333 1521 2336 ’

149 2444 182 2502 in
195 2435 401 2520 spiritualibus
417 2451 447 2498 et
464 2437 689 2517 temporalibus,
706 2458 739 2500 uc
762 2457 879 2502 merum
899 2451 929 2499 et
950 2440 1075 2500 mixtum
1094 2417 1189 2518 impe
1228 2421 1443 2527 {ffipssffiffinlssff

148 2541 229 2602 rium
242 2558 297 2619 per
309 2540 460 2601 civitatem
475 2538 669 2600 leodiensem
688 2548 719 2599 et
739 2539 848 2617 oppida
863 2539 901 2599 de
915 2539 1185 2610 SarrctoTrudone
1228 2538 1288 2584 cata.

148 2643 187 2703 de
204 2642 311 2716 Asselt,
328 2640 484 2713 Loscastri,
506 2641 665 2718 beningon,
684 2639 756 2719 Eyk,
781 2639 951 2716 Stoekbem,
971 2641 1072 2716 Brede,
1089 2633 1185 2715 Blisia,

147 2743 287 2823 Tungris,
302 2741 383 2802 llerk
401 2750 430 2802 et
445 2741 501 2802 alia
518 2743 581 2803 loca
600 2742 689 2802 totius
709 2741 865 2803 comitatus
880 2743 1030 2803 Losseusis
1046 2753 1076 2802 et
1092 2743 1186 2823 patrie

149 2843 329 2917 leodiensis,
344 2844 548 2904 institutiones
560 2844 738 2918 villicorum,
755 2842 943 2903 scabinorum
956 2853 1185 2920 ceterorumque

148 2947 349 3010 officiatorum
366 2945 568 3024 jurisditionis
588 2945 770 3022 temporalis,
788 2944 826 3003 ad
843 2945 1014 3023 episcopum
1034 2955 1064 3006 et
1092 2947 1185 3007 ecclc-

148 3049 225 3110 siam
239 3047 433 3108 beodiensem
448 3057 596 3126 spectasse
611 3058 640 3106 et
656 3045 838 3125 pertinuisse
856 3065 889 3106 ac
903 3055 1038 3124 spectare
1052 3054 1083 3105 et
1097 3046 1187 3125 perti·

148 3171 239 3222 nere;
256 3150 397 3228 quodque
416 3149 480 3228 ipsa
503 3149 605 3209 civitas
620 3160 650 3208 et
667 3148 948 3228 patria'bcodiensis
967 3146 1185 3226 comitatusque

150 3253 303 3314 Losseusis
318 3251 450 3331 praedicti
469 3261 540 3312 sunt
555 3249 611 3310 sub
633 3249 765 3311 dominio
782 3260 811 3310 et
829 3249 1019 3329 jurisditione
1037 3249 1184 3329 spirituali

183 3573 222 3640 (t)
238 3573 346 3622 Auditor
357 3583 492 3621 causarum
502 3571 574 3620 Sedis
585 3571 736 3633 apiostolicae.

6 3647 8 3678 ³
115 3709 119 3716 ,
188 3659 225 3724 (⁴2)
241 3660 285 3711 Pie
297 3659 319 3709 ll
333 3657 571 3709 mourutlllnedne
583 3657 646 3707 dans
658 3657 680 3706 le
694 3657 747 3706 nuit
761 3657 795 3706 du
810 3658 842 3706 ts
852 3619 883 3706 au
899 3656 1184 3708 maecenatiana

152 3747 244 3798 tutelo
257 3746 280 3797 le
292 3747 321 3796 51
337 3746 371 3794 du
382 3742 535 3794 rnememois
548 3751 571 3793 et
583 3743 703 3810 consuere
713 3743 735 3794 le
750 3742 777 3792 lli
787 3744 938 3804 septembre.

78 3846 83 3854 ¹
186 3833 223 3897 (ὅ)
241 3833 314 3882 (lette
325 3831 415 3893 phrase
427 3839 466 3880 est
476 3830 572 3880 rendue
586 3830 695 3880 obscure
707 3841 752 3892 par
771 3842 804 3878 un
823 3828 981 3894 anacolutbe‚
1000 3829 1023 3878 le
1036 3828 1112 3878 verbe
1127 3828 1188 3877 dont

154 3921 203 3990 qui
213 3927 254 3970 est
264 3919 288 3969 le
301 3918 369 3981 sujct
380 3931 408 3968 se
418 3925 533 3968 trouvent
545 3917 656 3980 compris
668 3917 731 3967 dans
743 3917 850 3979 eredunt,
862 3923 910 3965 ete.
925 3915 943 3964 ll
956 3915 1142 3965 lautentendre
1152 3928 1159 3962 t
1170 3913 1186 3962 il

154 4021 189 4058 ne
198 4013 257 4070 punt
267 4006 368 4078 obteris
377 4004 400 4054 la
411 4005 477 4068 pair,
489 4011 537 4054 etc.
