3088 4926
576 464 730 563 (aaa)

171 602 319 663 Redibant
331 605 521 681 cappellanus
537 607 623 685 legati
638 616 667 666 et
682 605 822 683 magister
836 605 985 666 Robcrtus
1000 607 1052 683 qui
1067 626 1157 686 supra

131 703 168 762 ab
189 703 356 764 liubercort
377 714 405 764 et
424 707 544 766 Simone
566 705 724 766 secretario
746 705 828 765 ducis
844 723 879 766 ex
894 706 1160 782 Sancto-Tridone,

131 804 234 864 eadem
245 802 293 864 (lic
304 816 334 866 et
345 805 428 879 hora,
444 825 511 866 cum
527 809 589 868 suis
604 807 761 867 comitibus
772 818 802 867 ct
818 819 878 868 uno
891 807 1010 887 publico
1022 812 1160 890 numptio

130 903 225 978 ducis,
237 904 301 983 ejus
316 907 405 966 arinis
418 907 558 986 insignito
572 909 706 988 ipsorum
726 927 824 982 morc;
845 927 973 986 cumque
995 909 1159 972 intrassent
1259 924 1261 928 ’

130 1006 229 1066 villam
241 1009 411 1087 Crestcnay,
419 1027 449 1068 ca
454 1009 495 1086 pti
507 1029 522 1069 a
535 1008 705 1088 Burgundis
717 1009 768 1086 qui
780 1027 845 1070 eam
857 1008 1066 1086 incendebant,
1078 1011 1158 1072 ducti

129 1108 247 1167 suntad
260 1108 407 1187 Filippum
419 1108 685 1188 deSabaudia,qui
699 1109 838 1189 princeps
854 1109 918 1187 ejus
934 1108 1064 1171 cohortis
1077 1122 1157 1173 erat:

129 1215 158 1266 ct
172 1207 210 1267 ab
222 1225 260 1266 co
275 1209 398 1285 quinam
413 1217 513 1270 essent
527 1220 556 1269 ct
572 1210 651 1270 unde
665 1209 805 1270 venirent
819 1210 988 1288 interogati,
1007 1229 1076 1270 cum
1097 1231 1159 1272 res-

131 1307 305 1384 pondisscnt
318 1330 335 1365 ιι
347 1328 378 1368 se
394 1327 457 1368 esse
471 1309 559 1388 legati
574 1308 734 1369 familiares
749 1317 780 1370 ct
795 1327 849 1386 per
863 1327 932 1368 eum
946 1320 975 1369 et
985 1310 1157 1390 episcopum

129 1408 166 1467 ad
191 1409 388 1470 llumbcrcort
408 1421 437 1470 et
460 1409 611 1470 Simonem
632 1411 715 1470 ducis
737 1409 930 1470 secretarium
951 1411 987 1470 ad
1002 1413 1160 1471 Sanctum-

129 1509 289 1569 Tridoncm
313 1529 381 1570 cum
405 1510 512 1571 litteris
536 1512 640 1572 missos
663 1522 816 1571 eteorum
838 1510 968 1571 duorum
988 1512 1104 1572 litteras
1129 1525 1159 1573 ct

130 1609 267 1668 mandata
283 1610 394 1670 eisdem
409 1613 505 1688 legato
521 1619 550 1670 et
565 1612 703 1690 episcopo
718 1611 836 1670 deterre
850 1633 877 1685 n,
893 1632 908 1670 a
924 1611 1061 1691 Philippo
1076 1613 1158 1673 abirc

128 1710 266 1788 permissi
280 1722 360 1787 sunt,
375 1710 435 1771 fide
461 1721 557 1771 tamen
572 1721 690 1790 accepta
702 1711 823 1789 alegati
839 1713 1013 1791 cappellano
1029 1723 1062 1772 ut
1078 1725 1157 1774 certa

130 1811 267 1872 mandata
279 1831 330 1872 sua
342 1813 446 1891 legato,
458 1813 596 1892 episcopo
609 1822 636 1872 et
649 1813 763 1873 civibus
775 1812 995 1885 denunctiaret3
1008 1833 1078 1875 nam
1089 1833 1157 1874 cum

128 1913 336 1992 cappellanum
349 1913 862 1994 alteiastintcrrogassetPhilippus
880 1915 1029 1992 quomodo
1045 1915 1158 1995 legatus

128 2025 159 2074 et
179 2014 334 2092 episcopus
356 2033 500 2094 prospero
521 2015 550 2074 in
571 2015 689 2076 civitate
704 2024 827 2096 agerent
848 2028 878 2076 et
895 2015 933 2075 ab
954 2015 1059 2076 eodem
1081 2015 1158 2076 benc

128 2115 228 2174 valere
241 2133 292 2174 eos
306 2114 510 2188 intellexisset,
524 2114 655 2191 injunxit
669 2116 694 2175 ei
711 2137 729 2172 ιι
745 2124 777 2175 ut
796 2117 924 2194 legatum
941 2127 970 2177 et
985 2117 1156 2196 episcopum

128 2239 184 2280 suo
199 2221 319 2280 nominc
332 2219 474 2280 salutaret
488 2229 516 2280 et
533 2230 566 2279 ut
580 2218 658 2280 bono
673 2221 772 2279 animo
784 2231 893 2294 essent,
905 2239 1009 2281 eorum
1022 2240 1052 2282 se
1064 2223 1159 2301 gratie

128 2319 307 2381 comendans
315 2339 324 2394 ;
346 2320 460 2380 civibus
484 2327 584 2380 autem
607 2320 795 2381 denunctiari
817 2319 908 2401 jussit
933 2322 1022 2398 quod,
1046 2323 1104 2382 nisi
1124 2341 1156 2384 ea

129 2433 215 2484 nocte
230 2421 468 2482 aLeodlensibns
485 2421 739 2496 interficerentur,
755 2423 883 2482 crastina
897 2422 945 2482 die
956 2423 1037 2502 ipsos
1049 2424 1080 2483 in
1091 2423 1160 2484 civi·

129 2535 217 2584 tatem
231 2524 379 2584 visuros».
390 2522 537 2584 Redibant
547 2522 671 2583 Alteiast
681 2531 711 2582 ct
722 2522 873 2583 Robcrtus
884 2541 987 2583 versus
999 2523 1159 2595 civitatem,

128 2625 224 2684 securi
246 2634 278 2684 ut
299 2623 461 2702 putabant3
481 2623 533 2684 sed
557 2623 667 2683 iterum
690 2641 705 2682 a
728 2621 908 2699 quibusdam
931 2622 1108 2684 satellitibus
1123 2624 1158 2682 ad

129 2724 343 2796 marescallum,
357 2725 409 2802 qui
424 2725 455 2784 in
471 2725 640 2804 proximum
656 2722 755 2784 vicum
769 2734 844 2797 erat,
857 2723 936 2783 ducti
949 2723 1023 2783 'sunt
1034 2742 1041 2782 :
1054 2723 1105 2800 qni
1117 2723 1160 2782 eis

127 2828 199 2888 visis
212 2835 240 2887 et
251 2827 387 2906 coguitis,
401 2844 515 2885 memor
530 2843 649 2903 quoquc
661 2824 919 2885 conmonitionum
936 2825 1158 2904 preteritarum,
1172 2887 1174 2892 ,

129 2931 229 3008 ipsum
243 2928 285 3008 (l)
300 2946 368 2988 cum
384 2927 467 2988 sotiis
482 2927 608 2988 detineri
622 2926 701 3005 apud
717 2945 748 2987 se
760 2925 865 3004 jussit3
881 2946 1010 3004 cumque
1027 2926 1070 2986 illi
1089 2945 1160 2986 cau-

130 3047 192 3090 sam
207 3029 251 3090 sni
266 3047 409 3104 accessus,
424 3029 475 3107 qui
490 3039 590 3089 essent
604 3039 633 3088 et
648 3046 721 3106 quas
736 3028 850 3088 litteras
864 3028 900 3087 ad
916 3029 1045 3108 legatum
1060 3028 1159 3089 deler-

129 3142 197 3192 reut
206 3131 419 3208 exprimerent,
433 3149 468 3189 ac
481 3129 595 3190 litteras
609 3128 784 3207 aperiendas
801 3129 895 3209 palam
912 3129 1036 3191 offerret
1050 3129 1101 3211 (l),
1113 3130 1159 3189 vcl

130 3241 164 3291 ut
178 3233 241 3311 ipse
255 3230 291 3290 ad
306 3231 436 3310 legatum
455 3249 510 3311 per
529 3231 618 3291 alium
640 3231 812 3310 numptium
831 3231 966 3292 micteret
985 3231 1009 3290 si
1028 3230 1108 3310 apud
1127 3249 1159 3290 se

129 3331 323 3396 cos'retincre
333 3332 505 3394 omnimodo
516 3333 716 3394 decrevisset:
731 3333 920 3394 marescallus
935 3333 1032 3411 primo
1048 3351 1158 3394 nomen

130 3437 297 3498 llubercort
317 3436 504 3514 contempsit,
519 3435 671 3496 affirmans
686 3455 718 3496 se
731 3455 797 3497 esse
811 3436 960 3496 exercitus
975 3435 1158 3514 principcm3

131 3539 182 3599 scd
207 3555 275 3598 cum
302 3537 453 3598 secretarii
479 3537 562 3597 ducis
588 3537 700 3597 litteras
730 3537 825 3616 legato
854 3535 1031 3596 deserendas
1058 3535 1158 3615 ipsum

75 3687 79 3696 .
131 3640 243 3701 habere
256 3641 449 3719 conspiceret,
463 3637 615 3718 paululum
628 3637 797 3716 indignatus
808 3637 983 3711 subsistens,
998 3634 1159 3695 minabun-

129 3810 438 3822 Μ

164 3911 200 3972 (tt
220 3911 292 3959 Ltscz
302 3909 381 3972 ipsos.

166 3997 201 4059 tl)
220 3996 291 4046 Ltsez
302 3993 434 4058 offerrent.
