3088 4926
595 446 748 544 (tta)

148 611 225 654 neve
243 591 321 651 bunc
339 609 403 650 rem
424 588 534 668 populo
555 587 665 648 iaceret
687 588 798 666 palam,
814 589 955 665 quoniam
972 589 1183 669 proculdubio

150 691 214 770 ejus
229 710 297 753 seva
313 709 393 750 mors
409 700 467 749 eta
483 687 603 748 furente
618 689 729 767 populo
740 687 901 768 discerptio
916 701 1019 768 sequta
1035 689 1140 752 suisset
1155 713 1183 752 u.

149 794 245 866 Quam
261 810 325 852 rem
341 791 454 870 legatus
468 799 548 849 reete
563 787 765 862 considerans,
780 789 897 850 silentio
913 791 1031 869 pressit,
1046 791 1116 852 etei
1131 792 1183 869 qui

149 894 186 957 ad
201 913 233 954 se
247 893 405 965 detulerat,
418 910 455 952 ne
466 893 514 951 cui
527 891 730 951 comunicaret
740 891 896 968 (quoniam
909 891 1017 952 laisum
1029 891 1116 971 esset)
1128 892 1184 953 sub

150 995 340 1056 anathemate
359 1005 388 1054 et
407 993 491 1072 gravi
509 993 753 1054 interminatione
774 992 944 1069 proliibuit3
961 1005 1184 1071 sanxeruntquc

136 1107 254 1170 ¹mutuo
268 1096 387 1176 'legatus
409 1104 440 1155 et
459 1093 616 1173 episcopus
638 1093 816 1157 substricta
834 1093 1032 1171 iureiurando
1052 1115 1089 1155 ne
1109 1096 1184 1156 alter

149 1197 215 1258 sine
228 1196 336 1269 altaro,
351 1213 530 1273 quecunque
544 1193 696 1254 occasione
710 1194 791 1266 data,
806 1213 823 1253 e
836 1194 877 1273 (t)
892 1195 1011 1256 civitate
1032 1196 1079 1256 vel
1099 1208 1181 1256 extra

149 1294 187 1355 ab
199 1293 326 1354 invicem
339 1292 535 1366 discederent,
546 1292 762 1353 conmunicatis
776 1293 918 1370 utrinque
929 1293 1056 1357 cubiculi
1071 1303 1102 1355 et
1116 1313 1182 1355 cor·

151 1397 233 1474 poris
248 1415 354 1457 eorum
369 1394 550 1456 custodibus.

192 1497 244 1556 llic
265 1515 303 1555 xx
325 1496 435 1556 mensis
456 1495 587 1556 octobris
611 1497 787 1574 supervenit
806 1495 843 1554 ad
863 1495 1181 1557 Sanctum-Tridonem

149 1588 271 1675 quidam
292 1598 375 1657 ducis
392 1597 563 1677 Burgundio
578 1596 771 1668 secretarius,
785 1597 887 1656 Simon
904 1598 940 1656 de
956 1598 982 1657 le
1000 1600 1182 1678 torrescit),

150 1701 264 1760 litteras
286 1698 322 1758 nd
344 1698 474 1778 legatum
495 1698 614 1776 speciali
636 1697 765 1774 quodam
784 1698 921 1776 numptio
936 1698 1078 1776 dirigens,
1093 1698 1182 1778 hujus

150 1801 275 1862 effectus
292 1818 299 1859 :
315 1823 333 1858 ι(
347 1789 606 1860 Reverendissime
626 1809 719 1878 pater,
735 1810 788 1858 eto.
806 1799 918 1877 Magnis
933 1817 1003 1864 cum
1016 1800 1183 1875 itineribus,

150 1923 169 1959 »
181 1902 267 1981 Jussu
285 1901 521 1962 metuendissimi
536 1900 649 1960 domini
661 1910 690 1959 et
701 1899 814 1959 domini
831 1899 888 1958 mei
903 1898 986 1958 ducis
1002 1901 1184 1978 Burgundio,

152 2025 170 2059 r
188 2002 236 2062 hic
251 2003 280 2062 in
298 2001 551 2063 SanctosTridone
566 2000 628 2078 jam
648 2000 794 2080 applicui,
810 2000 952 2060 iiounulla
975 2001 1021 2059 sui
1043 2020 1078 2060 cx
1099 2013 1184 2079 parte

152 2125 170 2160 »
185 2122 213 2164 v.
226 2123 256 2183 p.
267 2122 291 2163 r.
305 2104 494 2182 expositurus
506 2103 634 2162 multum
646 2101 881 2174 ardua.Verum,
894 2101 1142 2162 reverendissime
1153 2101 1183 2162 in

151 2226 169 2284 p
185 2203 303 2266 Christo
324 2213 418 2284 pater,
432 2221 499 2264 cum
516 2221 638 2271 securus
653 2220 789 2261 accessus
804 2200 906 2261 Leodii
919 2220 1016 2278 neque
1031 2203 1184 2262 salvocom

152 2329 170 2364 u
185 2306 277 2367 ductu
290 2307 336 2366 vcl
349 2307 419 2366 alias
431 2325 491 2366 nou
504 2314 602 2386 pateat
612 2305 696 2377 mihi,
708 2303 849 2384 dignetur
859 2325 885 2364 v.
896 2324 924 2383 p.
934 2325 958 2365 r.
972 2304 1051 2382 quod
1063 2322 1117 2384 ego
1128 2305 1185 2369 sibi

152 2407 304 2468 »obviam
324 2407 441 2466 veniam
457 2407 489 2467 in
504 2407 602 2484 aliquo
620 2408 683 2467 loco
704 2416 778 2477 tuto,
797 2405 844 2464 vel
864 2405 942 2482 quod
962 2407 1024 2484 ipsa
1044 2405 1119 2466 mibi
1136 2405 1185 2466 hic

152 2531 170 2565 n
186 2510 303 2571 obviam
329 2511 429 2570 mictat
451 2529 529 2583 cras,
551 2511 628 2569 inira
651 2509 754 2568 boram
777 2525 902 2580 nonam,
923 2507 1125 2587 specialiorem
1148 2510 1185 2570 de

151 2631 169 2666 u
185 2611 294 2680 inmitia
310 2629 371 2680 sua,
387 2610 435 2670 cui
451 2609 563 2688 singulo
582 2609 654 2669 mibi
669 2608 802 2686 injuncta
815 2606 955 2688 detegere
968 2609 1080 2683 valeam
1093 2611 1185 2687 etqui

153 2733 170 2768 »
186 2710 364 2770 fiducialiter
378 2712 477 2770 omnia
492 2722 590 2770 vestre
605 2709 717 2769 reserat
732 2709 913 2787 paternitati,
926 2726 1014 2786 quam
1030 2720 1186 2770 conservet

151 2833 169 2869 u
184 2813 309 2892 longeve
331 2812 492 2872 altissimus
514 2812 721 2891 Omnipotens.
737 2814 777 2870 Ex
793 2801 903 2890 oppido
918 2811 1193 2892 Sancti-Tridonis,

151 2936 169 2971 u
185 2914 233 2974 die
247 2921 297 2974 xx·
311 2915 450 2976 octobris.
466 2917 515 2974 Po.
530 2913 574 2995 (5)
586 2924 686 2975 vestre
701 2913 851 2974 servitor:
869 2915 981 2989 Simon,
996 2925 1052 2974 etc.
1067 2935 1084 2972 u

193 3017 310 3078 Miserat
326 3017 441 3096 legatus
455 3015 491 3078 ad
506 3016 823 3078 Sanctum-Tridonem
836 3015 898 3098 (ubi
914 3024 986 3076 tunc
1002 3015 1185 3076 llumbarco·

155 3117 229 3178 burt
242 3118 400 3197 residebat)
416 3119 528 3199 pluries
543 3116 744 3178 venerabilem
767 3117 865 3177 virum
886 3119 1030 3178 Joarrnem
1052 3116 1185 3186 Altefast‚

154 3215 300 3277 decanum
320 3218 350 3277 in
374 3221 468 3279 Mures
490 3219 683 3279 Treverensis
704 3216 838 3292 diocesis,
859 3217 1065 3297 cappellanum
1087 3236 1186 3292 suum,

156 3317 313 3394 utriusque
325 3319 426 3398 lingue
440 3319 580 3397 peritum,
591 3318 768 3394 requisitum
785 3318 897 3378 iteratis
908 3317 1022 3378 vicibus
1033 3317 1186 3379 abeodem

154 3418 205 3496 qui
227 3437 328 3498 pacem
355 3419 494 3481 affectare
517 3419 676 3480 videbatur
684 3438 693 3494 ;
717 3419 794 3482 forte
815 3439 899 3479 casus
921 3419 1084 3500 contigerat
1107 3421 1186 3498 quod

155 3519 203 3580 dic
218 3522 391 3600 precedenti
407 3522 520 3601 legatus
536 3539 604 3581 eum
620 3521 826 3598 cappellanum
843 3521 964 3580 miserat
983 3518 1020 3579 ad
1040 3517 1187 3580 llumber·

188 3809 224 3871 tl)
243 3809 316 3858 Lisez
326 3807 377 3858 io?

188 3895 224 3957 (a)
241 3895 328 3945 Simon
339 3895 372 3946 de
385 3895 407 3946 le
420 3895 527 3944 llerrrst.
541 3891 579 3944 cl.
591 3891 720 3943 ci-dessus
733 3903 795 3953 pege
809 3889 864 3950 too,
877 3896 937 3940 note
951 3890 971 3938 l.

189 3985 226 4050 (ὅ)
244 3985 315 4036 Lisea
329 3984 388 4034 Pu?
398 3983 499 4034 Scilicet
512 3981 689 4032 Paternitatis.
