3102 4914
599 435 727 532 (27)

143 599 163 634 a>
186 593 375 653 quacunque,
390 576 494 636 eadem
509 574 684 635 auctoritate
698 574 881 650 absolvendi,
897 579 1044 658 predictos
1057 598 1176 658 quoque

143 698 163 734 n
186 675 412 747 rehabilitnndi,
427 676 506 755 ipsos
522 676 651 752 denique
665 672 698 734 ac¹
712 676 784 736 alins
797 679 958 755 premissos
974 691 1003 738 et
1014 681 1178 758 quemlibet

143 801 164 836 »
187 779 321 855 ipsorum
336 776 372 835 ad
389 777 529 849 honores,
542 778 711 854 dignitates,
723 777 830 851 cilicia,
844 779 997 856 beneficia,
1012 783 1176 861 privilegia,
1236 793 1239 806 ¹

143 900 163 936 >a
187 877 1177 959 dispensationcsindulta,ieuda,homagio,obedientias,civitates,

50 991 52 993 ·
144 1001 164 1036 >a
188 989 292 1052 terras,
304 989 408 1052 castra,
424 979 499 1038 bona
516 987 545 1038 et
556 980 623 1056 jura
639 981 749 1053 omitia,
765 982 929 1058 spiritualia
945 993 974 1042 et
991 987 1178 1060 temporalia,
1249 1024 1250 1027 =

143 1101 163 1136 n
186 1098 367 1158 quocunque
382 1082 502 1139 nomine
518 1099 569 1139 sen
587 1081 673 1140 titulo
690 1095 915 1160 nuncupentur,
931 1103 1047 1144 necnon
1063 1085 1099 1144 ad
1114 1106 1180 1165 gra-

146 1203 165 1238 »
189 1182 259 1240 tiam
278 1191 411 1240 nostram
432 1194 461 1240 et
480 1183 557 1241 sedis
579 1181 693 1258 prelato
715 1203 748 1242 ac
767 1183 838 1242 alias
860 1184 889 1243 in
912 1186 1075 1264 pristinum
1096 1188 1178 1247 acin

146 1306 165 1341 >³
188 1302 257 1342 cum
273 1291 385 1341 statum
404 1283 434 1341 in
454 1302 513 1360 quo
532 1296 693 1360 antequam
716 1285 786 1344 dicti
809 1305 964 1362 processus
985 1298 1014 1346 et
1032 1290 1181 1350 sententie

145 1407 165 1440 n
188 1367 332 1442 adversus
347 1402 396 1442 eos
418 1395 594 1444 emanarent
617 1396 646 1444 et
662 1385 816 1445 lcrrcntur
836 1388 1059 1463 quomodolibet
1077 1391 1182 1450 existe·

147 1508 166 1543 n
188 1485 271 1559 bant,
286 1504 319 1543 ac
335 1487 423 1544 etiam
440 1487 565 1564 perinde
583 1487 656 1546 acsi
672 1507 826 1564 nunquam
842 1503 1039 1564 emanassent,
1054 1473 1182 1570 integra-

147 1609 166 1644 »
189 1588 258 1646 liter
269 1586 445 1646 restituendi
458 1600 487 1646 et
498 1588 676 1663 reponendi,
689 1599 813 1664 actaque
826 1599 856 1648 ct
866 1602 947 1667 gesta
961 1610 1014 1669 per
1025 1610 1075 1651 eos
1086 1592 1180 1652 valida

148 1709 167 1744 >a
189 1687 282 1747 luisse
304 1697 334 1747 et
352 1707 416 1746 esse
438 1684 616 1761 declarandi,
638 1690 753 1748 etiamsi
768 1689 920 1750 occasione
939 1689 1181 1754 differentiarum

148 1811 167 1846 >a
190 1787 363 1865 hujusmodi
378 1791 413 1848 ad
426 1809 529 1848 eorum
544 1791 590 1848 vcl
605 1790 730 1868 alicujus
746 1792 880 1870 ipsorum
893 1793 1099 1870 privationem,
1115 1796 1181 1856 inn-
1236 1805 1238 1810 “

149 1913 168 1948 n
191 1889 339 1949 bedicntia
356 1903 384 1950 et
401 1890 562 1950 rebellione
577 1910 681 1951 eurum
697 1892 736 1951 ita
753 1892 899 1970 exigente,
920 1894 1050 1971 predicta
1066 1896 1112 1954 vel
1127 1897 1181 1955 alia

149 2013 168 2048 >r
191 1992 478 2068 quavisnuctoritate
489 1993 759 2070 quomodocunque
767 1993 829 2072 jam
840 2011 1009 2072 processum
1023 1995 1063 2074 (l)
1073 1997 1183 2058 extitis-

151 2117 169 2152 »
191 2106 245 2167 set,
260 2093 423 2154 dummodo
437 2096 468 2154 in
484 2097 526 2153 cis
542 2113 601 2153 non
618 2096 656 2154 sit
670 2096 757 2155 alicui
772 2096 938 2172 specialiter
949 2097 999 2174 jus
1015 2100 1182 2174 quesitum3

93 2223 96 2228 ·
151 2217 169 2252 a
192 2214 260 2254 cum
273 2195 1182 2274 ecclesiasticisinsuper,secularibusetquorumvisordinnm

151 2319 169 2354 a
193 2296 380 2375 regularibus
392 2314 482 2373 super
495 2297 717 2376 irregularitate
729 2315 919 2374 quacunque,
929 2300 1017 2359 etiam
1030 2301 1139 2362 divinis
1151 2322 1182 2362 se

150 2419 168 2455 n
191 2397 377 2456 inmiscendo
398 2409 449 2456 aut
474 2397 545 2456 alias
567 2398 840 2476 quomodocunque
863 2400 908 2458 vel
937 2401 1183 2481 qualitercunque

151 2519 169 2553 »
193 2507 352 2568 contracta,
371 2497 509 2578 qnodque
534 2500 565 2557 in
589 2498 734 2576 susceptis
757 2517 810 2576 per
832 2517 881 2558 eos
904 2500 994 2559 saeris
1012 2502 1183 2579 ordinibus,

151 2619 169 2654 a
193 2599 280 2657 etiam
309 2600 340 2657 in
363 2599 529 2657 ministerio
551 2599 652 2658 altaris
681 2599 863 2673 ministrare,
884 2618 936 2657 seu
956 2600 1000 2658 ud
1025 2600 1184 2664 ulteriores

151 2721 170 2756 ›>
193 2698 315 2757 ordines
326 2700 372 2757 vel
384 2703 472 2758 ctiam
483 2717 580 2758 sacros
592 2717 695 2758 omnes
711 2709 740 2757 et
754 2698 970 2776 presbiteratus
982 2702 1102 2761 ordines
1113 2703 1185 2764 alias

152 2820 169 2855 n
192 2799 250 2859 rito
266 2799 434 2877 promoveri
451 2809 479 2858 et
494 2799 615 2858 obtenta
633 2801 774 2872 retinere,
789 2819 821 2858 ac
833 2817 1012 2877 quecunque
1024 2803 1080 2862 alia
1097 2806 1187 2866 ecole-

152 2923 171 2958 ›>
193 2901 307 2959 siastica
324 2919 393 2958 cum
408 2919 478 2959 cura
495 2909 524 2960 et
544 2902 608 2959 sine
624 2919 693 2958 cura
715 2899 858 2960 beneficia
873 2920 907 2961 se
922 2901 1050 2962 invicem
1066 2923 1188 2984 compa·

153 3021 172 3057 n
196 3000 309 3074 tientia,
327 2999 443 3059 etiamsi
465 3001 624 3079 prioratus,
642 3000 843 3079 prepositure,
862 3004 1053 3063 canonicatus
1075 3015 1105 3064 et
1120 3025 1186 3084 pre·

154 3121 172 3156 a
196 3099 303 3168 bonde,
327 3099 486 3179 dignitates
508 3103 598 3160 etiam
620 3099 783 3160 abbatiales
804 3099 919 3161 necnon
942 3115 1120 3179 personatus
1143 3107 1187 3185 (ἢ)

155 3222 173 3258 n
196 3201 470 3260 administrationes
491 3201 534 3260 vel
555 3201 648 3261 officia
669 3203 699 3260 in
720 3201 952 3276 cathedralibus
971 3203 1058 3262 etiam
1074 3213 1187 3264 metro-

155 3323 173 3359 »
196 3302 335 3379 politanis
351 3304 396 3361 rel
413 3301 573 3379 collegiatis
588 3301 728 3376 ecclesiis,
743 3313 773 3361 et
786 3301 945 3381 dignitates
961 3302 1064 3382 ipsein
1076 3304 1187 3364 eisdem

154 3423 173 3459 n
195 3402 427 3475 cathedralibus,
445 3401 534 3461 etiarn
558 3402 811 3480 metropolitanis,
833 3412 900 3480 post
922 3403 1107 3481 pontificales
1128 3423 1188 3463 ma·-

156 3523 175 3560 a
194 3502 285 3580 jores,
306 3521 357 3562 scu
379 3502 408 3561 in
425 3502 585 3579 collegiatis
604 3502 733 3562 eeclesiis
753 3504 925 3582 hujusmodi
946 3504 1135 3583 principales
1154 3522 1187 3562 ac

190 3821 230 3911 (l)¹
243 3847 317 3897 lisez
328 3859 474 3910 processus.

190 3934 228 3996 (d)
247 3933 415 3998 Personotus,
427 3947 495 3994 cure,
509 3933 630 3984 benefice.
