3088 4926
591 403 743 502 (ros)

149 557 235 609 noete
251 546 393 626 preterita
409 546 438 605 in
455 563 489 604 eo
504 544 635 605 tumultu
648 546 777 624 Tongris
793 547 1014 608 llumbereourt
1024 549 1099 608 clam
1110 567 1177 609 cus-

148 648 319 710 todieudarn
334 647 471 718 dederat;
487 664 550 706 eam
567 646 680 724 legatus
696 647 774 708 illico
796 667 850 728 per
871 648 1000 711 eundem
1021 669 1088 710 cum
1110 650 1178 710 lidis

67 811 72 822 ,
148 747 329 810 conmitibus
350 747 496 828 reportari
517 747 555 806 ad
576 765 645 806 eum
656 746 746 825 jussit
761 767 769 808 :
784 767 840 828 per
853 767 942 828 quem
957 749 1067 818 iterum
1083 753 1178 831 legato

147 851 241 931 gratie
260 851 395 929 ingentes
409 857 482 922 aete,
497 867 576 922 cum,
592 858 625 908 ut
639 849 779 925 asseruit,
792 869 829 910 an
845 862 874 910 ct
888 853 936 912 cui
950 851 1078 914 dedisset
1093 856 1177 934 peni·
1272 854 1273 857 ’

146 961 195 1012 tus
209 952 371 1031 ignoraret,
385 948 566 1010 tristioribus
581 960 653 1009 tuuc
667 951 746 1010 euris
760 951 931 1029 implicitus.

187 1057 304 1117 tunctis
329 1056 421 1134 igitur
445 1055 534 1115 simul
560 1055 656 1133 legato
680 1067 710 1116 et
737 1058 892 1136 episcopo,
914 1077 1009 1138 prope
1029 1061 1176 1122 civitatem
1193 1070 1298 1138 occurrit
1337 1070 1440 1138 'populus

149 1157 275 1217 illustris
289 1155 465 1217 Vincentius
490 1158 589 1216 Buren
615 1151 730 1237 (quiin
756 1157 874 1219 civitate
895 1159 1089 1234 remanserat)
1110 1179 1177 1221 cum
1221 1128 1440 1247 ἓξοέιζῗᾷῗζὲθξῗέἷ

149 1257 291 1319 omnibus
306 1255 482 1334 primatibus
498 1256 624 1316 civitatis
641 1264 670 1316 et
683 1257 823 1318 universo
839 1259 949 1337 populo
963 1259 998 1318 ad
1014 1260 1176 1321 secundum
1220 1244 1390 1350 ffimciviutam
1414 1250 1441 1288 ¹¹²

149 1360 279 1439 lapidem
293 1359 335 1419 eis
350 1357 490 1433 occurrit,
505 1357 651 1418 distinctis
674 1358 878 1436 perordinem
898 1361 1004 1421 turmis
1019 1361 1056 1421 ad
1071 1379 1176 1422 nume-

146 1481 231 1536 rum,
254 1472 286 1520 ut
309 1477 413 1519 omnes
433 1458 689 1534 existimabamus,
711 1460 812 1519 decern
834 1461 949 1521 milium
972 1464 1051 1540 :qui
1074 1482 1178 1524 omnes

148 1565 245 1642 legato
260 1571 290 1621 et
304 1561 443 1638 episcopo
458 1577 604 1619 summam
621 1559 762 1618 exibucre
784 1562 982 1620 reverentiam
1005 1575 1032 1621 et
1055 1562 1092 1622 ab
1114 1549 1182 1640 cpi-¹

147 1680 237 1740 scopo
257 1660 385 1720 maxima
406 1659 542 1719 comitate
564 1669 594 1718 et
614 1659 796 1738 benignitate
810 1663 939 1740 suscepti
955 1671 1035 1722 sunt.
1050 1666 1354 1739 Demummgredtuntur
1384 1677 1458 1723 ciat.

149 1763 275 1842 ingressi
290 1763 450 1833 civitatem,
464 1761 623 1820 universus
636 1761 765 1839 populus
777 1762 934 1838 utriusque
945 1783 1033 1824 sexus
1044 1776 1073 1825 et
1084 1767 1178 1843 etatis,
1221 1737 1441 1854 ζῗξῑζῗοριζξᾛ

148 1866 317 1927 sacerdotes
335 1863 434 1924 induti
448 1863 538 1923 sacris
554 1862 695 1937 vestibus,
717 1864 829 1942 ingenti
851 1865 958 1944 gaudio
980 1875 1179 1938 accurrentes,
1221 1855 1318 1900 maxima
1334 1864 1425 1912 ⁹⁰¹¹¹¹³³·

149 1986 266 2028 summa
285 1967 453 2026 reverentia
472 1965 643 2044 episcopum
659 1983 727 2024 aum
743 1967 838 2043 legato
853 1977 1060 2044 susceperunt.
1075 1967 1180 2046 Exigo-

150 2080 195 2131 ret
218 2067 397 2128 narrationis
419 2067 493 2130 ordo
514 2077 548 2126 ut
570 2066 659 2144 hujus
681 2069 859 2145 receptionis
878 2069 1060 2147 j0cunditas,
1076 2071 1181 2132 modus

149 2183 180 2232 et
205 2170 329 2250 qualitas
355 2167 563 2246 exprimentur
586 2166 629 2247 (l)
654 2167 689 2228 ad
715 2168 936 2247 intelligendam
963 2170 1005 2248 (ᾖ)
1026 2169 1181 2230 hominum

151 2281 267 2334 mentes
278 2281 308 2330 et
318 2267 521 2330 convincenda
536 2269 698 2329 multorum
716 2268 879 2344 mendatia;
894 2271 944 2331 sed
957 2270 992 2330 ad
1005 2272 1058 2330 alia
1072 2273 1182 2350 majora

119 2440 122 2443 Α
152 2375 341 2442 festinantes,
363 2371 410 2431 bis
431 2370 584 2430 immorari
607 2390 667 2430 non
690 2371 819 2450 expedit.
842 2373 918 2444 Quid
943 2373 1052 2450 plura?
1072 2375 1183 2432 Tantus

153 2477 268 2536 viarum
284 2481 454 2552 apparatus,
470 2483 530 2531 tarn
542 2471 691 2549 jocundus
709 2472 809 2549 populi
825 2491 997 2544 concursus,
1020 2484 1078 2533 tam
1101 2473 1183 2533 lesti-

153 2597 208 2638 vus
223 2593 447 2654 campanarum,
462 2573 601 2632 tubarum
618 2585 648 2632 et
662 2573 863 2634 citaredoruna
880 2593 981 2648 sonus,
1004 2583 1063 2634 tom
1086 2575 1185 2635 dulces

154 2681 288 2739 virorum
302 2685 333 2735 ¹et
348 2661 508 2734 mulierum
526 2674 749 2733 acclamationes
765 2684 793 2733 ct
809 2675 963 2746 lachrime‚
979 2675 1113 2754 ingentes
1129 2675 1184 2736 loci

154 2789 181 2837 ct
200 2776 265 2838 tede
279 2776 413 2849 incense,
429 2784 538 2852 quanta
561 2773 650 2833 scribi
672 2774 718 2832 vel
740 2775 880 2851 explicari
904 2776 1004 2852 possit,
1026 2785 1056 2834 et
1076 2787 1185 2852 quanta

69 2859 75 2866 ’
153 2877 280 2938 summis
291 2874 477 2955 principibus
488 2876 518 2933 in
531 2874 667 2934 maximis
682 2873 806 2934 urbibus
822 2875 933 2934 exiberi
949 2877 1033 2946 solet,
1048 2875 1184 2936 haecum

157 2979 271 3058 ingenti
292 2969 402 3056 pompa
423 2975 636 3036 antedoniam
659 2976 799 3055 episcopi,
822 2975 926 3052 majori
948 2977 1069 3036 ecclesie
1085 2978 1184 3056 proxi·
1243 3021 1248 3036 ,

157 3099 235 3140 nram
248 3079 299 3164 (ὅ),
311 3077 472 3139 constituti.
486 3077 647 3156 Episcopus
660 3097 713 3155 per
724 3078 895 3157 religiosum
908 3079 991 3137 illum
1003 3078 1184 3140 carmelitam
1283 3078 1286 3086 '

153 3179 348 3256 jamdictum
370 3197 475 3258 rogare
496 3179 625 3256 legatum
641 3179 708 3238 lecit
730 3198 767 3238 ne
789 3199 820 3238 se
842 3179 936 3240 solum
958 3180 1118 3255 desereret,
1134 3182 1185 3240 sed

158 3301 258 3344 seeum
273 3283 304 3342 in
320 3267 374 3342 suo
390 3280 498 3360 palatio
513 3291 693 3354 moraretur3
710 3281 788 3356 quod
805 3281 917 3357 legatus
930 3281 1059 3341 libenter
1070 3283 1186 3356 annuit,

158 3397 187 3445 et
202 3385 327 3444 retentis
347 3402 383 3442 ex
404 3381 466 3441 suis
488 3381 658 3441 domesticis
679 3389 808 3458 quatuor
830 3391 955 3456 tanturm,
975 3382 1104 3459 reliquos
1119 3401 1185 3442 cum

190 3669 227 3734 (l)
244 3667 317 3717 Lisez
329 3666 549 3731 exprimerentur.

190 3755 226 3821 (d)
243 3754 317 3805 Lisez
330 3749 533 3814 iutellipendum.

191 3843 227 3904 (ὅ)
245 3840 359 3891 L'aneien
370 3838 448 3900 palais
459 3837 505 3886 des
516 3831 742 3897 princes-evectas
755 3832 787 3882 de
798 3831 875 3896 Liege
887 3833 968 3882 existe
979 3845 1080 3896 encore,
1092 3832 1155 3881 mais
1167 3832 1190 3882 la

160 3929 303 3981 cathedrale
316 3941 329 3977 a
342 3927 452 3989 disparu.
