3126 4906
828 409 981 510 (rso)

392 572 410 607 n
431 549 580 610 modicum
596 571 624 609 n.
638 551 707 609 Erat
720 566 757 607 ex
771 549 907 626 opposito
923 550 1008 610 nobis
1022 549 1097 610 aiios
1112 550 1216 630 ingens
1231 549 1323 626 iocus,
1336 569 1416 613 more

390 657 565 724 castrorum,
584 650 660 710 eirea
675 666 764 726 quem
783 667 820 708 ex
846 659 927 708 motu
951 650 1014 710 viso
1029 661 1132 727 gentes
1151 651 1417 713 circumambulare

390 748 582 820 videbantur;
598 750 688 809 misso
703 748 795 827 igitur
810 748 846 808 ad
861 768 929 809 eum
946 751 1042 810 iocum
1063 750 1173 810 directe
1186 750 1223 810 ad
1238 751 1338 828 ignem
1358 770 1416 813 uno

391 870 427 912 ex
439 851 559 926 nostris,
570 850 683 915 excelsa
698 849 804 910 arbore
815 860 918 911 eontra
930 850 1085 916 ardentem
1099 852 1198 911 villam
1210 853 1236 912 ei
1250 871 1306 932 pro
1319 854 1417 914 reditu

388 953 472 1032 signo
487 952 565 1026 dato,
580 951 621 1011 ibi
635 949 822 1011 substitimus
841 949 919 1010 ultra
939 949 1013 1011 hore
1032 952 1160 1029 spatium
1175 952 1268 1031 ipsius
1288 953 1417 1014 reditum

390 1063 594 1134 expectantem
614 1071 682 1114 cum
699 1063 796 1112 tamen
813 1053 911 1113 minus
927 1053 1007 1112 mille
1023 1053 1158 1130 passibus
1172 1054 1283 1115 distare
1298 1054 1418 1115 videba-

391 1165 450 1228 tur,
462 1154 575 1215 nechie
585 1155 705 1232 quidam
717 1152 756 1232 (1)
767 1153 837 1214 lieet
847 1154 898 1213 diu
910 1163 1081 1232 expectatus
1095 1154 1133 1215 ad
1148 1173 1202 1215 nos
1218 1153 1345 1228 redibat,
1361 1174 1418 1216 non

391 1257 455 1318 sine
475 1257 608 1317 omnium
628 1255 755 1315 maxima
780 1256 872 1315 animi
893 1255 1082 1316 turbatione:
1102 1275 1194 1334 quare
1219 1258 1344 1335 legatus,
1364 1257 1418 1317 sibi
1515 1289 1518 1296 ·

392 1357 484 1436 magis
498 1375 587 1434 quam
607 1357 745 1434 episeopo
766 1356 932 1434 perieulum
951 1357 1078 1416 iminere
1098 1356 1301 1430 considerans
1316 1366 1418 1418 vocato

392 1475 527 1539 seorsum
547 1457 675 1534 quodam
697 1474 733 1516 ox
753 1455 814 1516 sois
839 1457 1044 1530 familiaribus,
1062 1459 1219 1518 Tilm'anno
1240 1477 1277 1518 ex
1295 1460 1419 1538 Tungris

392 1571 469 1634 orto,
483 1579 572 1638 qoem
587 1581 603 1620 a
619 1563 710 1620 Roma
725 1578 825 1620 seeum
841 1559 977 1633 duxerat,
993 1560 1202 1639 interogavit«
1218 1581 1255 1620 an
1271 1562 1330 1621 iter
1344 1560 1419 1621 bena

394 1686 411 1721 n
433 1673 533 1724 nosset
547 1682 607 1741 quo
620 1663 787 1739 Traiectum
803 1663 864 1723 itur
879 1682 913 1734 »3
932 1681 992 1740 quo
1009 1663 1242 1740 respondente«
1263 1683 1295 1723 se
1309 1665 1419 1743 optime

393 1784 480 1826 nosse
494 1775 523 1825 et
545 1782 665 1842 sperare
680 1763 769 1823 etiam
786 1781 817 1822 se
832 1761 1000 1840 Trajeutum
1024 1763 1199 1840 petiturum,
1220 1763 1325 1823 eastris
1345 1765 1419 1822 Bnr·

391 1867 561 1948 gundorum
575 1866 715 1926 omnibus
726 1865 763 1925 ad
779 1877 893 1943 partem
909 1865 1028 1937 relictis,
1042 1866 1161 1925 nemine
1173 1866 1261 1925 etiam
1275 1884 1330 1942 per
1344 1865 1419 1924 viam

391 1968 506 2030 offenso
522 1987 555 2040 »;
572 1978 644 2027 tune
658 1968 772 2045 legatus
788 1975 825 2026 ad
843 1972 1037 2045 episcopum:
1054 1988 1072 2023 a
1090 1967 1155 2026 Non
1176 1985 1293 2044 parum,
1314 1966 1420 2042 inquit,

393 2094 411 2128 n
433 2070 526 2129 miror
544 2067 776 2146 imprudentiam
797 2079 878 2128 tuam
897 2069 976 2143 quod
995 2079 1054 2127 tom
1075 2068 1181 2128 ieviter
1202 2075 1232 2126 et
1253 2067 1419 2128 inordinate

394 2193 411 2228 o
433 2189 487 2231 nos
509 2171 541 2229 in
566 2170 611 2228 his
639 2169 771 2230 tenebris
796 2179 826 2228 et
855 2169 986 2247 periculo
1012 2170 1142 2229 maximo
1166 2177 1249 2228 extra
1272 2170 1418 2229 civitatem

394 2293 411 2329 n
432 2270 582 2340 eduxeris,
597 2269 652 2329 hac
666 2288 736 2330 eura
755 2269 785 2327 in
808 2278 836 2328 te
854 2279 1000 2348 suscepta,
1014 2269 1039 2330 si
1057 2270 1173 2330 ¹sciebas
1193 2261 1245 2330 aut
1264 2269 1419 2330 dubitabas

394 2397 411 2433 n
432 2373 546 2450 aliquos
568 2364 603 2431 er
619 2371 850 2450 Burgundorum
866 2371 970 2430 eastris
987 2370 1072 2430 nobis
1090 2389 1150 2432 non
1169 2369 1233 2432 fieri
1249 2371 1351 2432 obvios
1366 2373 1419 2447 vel,

394 2498 411 2533 n
432 2475 512 2553 quod
531 2472 663 2532 deterius
682 2484 741 2541 est,
763 2472 896 2531 numtios
923 2482 1040 2531 nostros
1056 2472 1116 2550 jam
1140 2483 1200 2532 tres
1223 2482 1275 2533 aut
1294 2485 1419 2554 quatuor

393 2598 410 2633 n
432 2577 615 2650 detentnros‚
630 2593 698 2634 uuor
714 2575 843 2632 tirmiter
861 2572 892 2631 in
907 2572 1025 2632 civitate
1040 2572 1114 2632 mihi
1129 2567 1295 2634 affirmares
1309 2575 1419 2652 aliquos

393 2699 410 2734 o
432 2677 547 2738 nobiles
561 2676 647 2736 nobis
659 2675 776 2735 obviam
789 2673 852 2734 iore
864 2684 1006 2733 venturos
1012 2693 1021 2748 ;
1032 2693 1113 2734 nuno
1121 2686 1222 2735 autem
1239 2676 1351 2735 nedum
1365 2674 1418 2755 ipsi

394 2780 570 2849 avenioni,
593 2777 644 2839 sed
672 2776 804 2836 numtios
830 2783 948 2835 nostros
974 2776 1113 2836 retinent.
1143 2778 1240 2836 Certe·
1255 2778 1347 2837 satius
1372 2785 1419 2836 aut

394 2903 412 2938 n
434 2880 528 2940 tutius
547 2878 648 2938 fuisset
669 2879 700 2937 in
724 2877 841 2938 civitate
860 2894 981 2936 manere
1000 2877 1046 2936 vei
1068 2876 1104 2937 ad
1123 2897 1188 2937 eam
1209 2861 1291 2936 nune
1312 2877 1418 2938 reverti

394 3003 412 3039 n
434 2999 523 3058 quam
539 2978 587 3038 bie
601 2996 666 3038 esse
687 2995 755 3036 eum
772 2987 853 3036 tanto
870 2995 1064 3053 personarum
1081 2979 1185 3038 etrite
1200 2987 1303 3039 nostre
1318 2978 1419 3038 discri-

395 3103 413 3138 »
435 3081 524 3141 mine.
536 3082 595 3157 Ego
610 3089 643 3137 ut
656 3078 824 3155 Trajeetum
841 3086 975 3155 petamus
990 3097 1107 3141 censeo.
1122 3080 1228 3138 »idem
1248 3079 1337 3138 etiam
1353 3097 1420 3138 oen·

395 3179 717 3243 sebantLeodieosium
734 3178 831 3256 iegati,
843 3178 911 3239 iicet
926 3180 995 3240 satis
1011 3180 1121 3240 turbati
1135 3191 1249 3250 mente;
1266 3181 1420 3258 episeopus

396 3301 467 3343 vero
480 3281 518 3341 ad
534 3282 663 3358 legatum
679 3297 854 3339 conversus:
874 3301 891 3338 (ι
908 3280 1029 3353 Vereor,
1044 3280 1152 3357 inquit,
1171 3280 1195 3340 si
1209 3279 1302 3356 aliqui
1316 3278 1354 3339 ad
1370 3297 1421 3340 nos

396 3407 414 3442 a
436 3381 639 3462 suscipiendos
654 3381 791 3440 venerint
806 3391 835 3440 et
857 3399 916 3440 non
934 3381 1113 3456 invenerint,
1134 3400 1172 3440 ne
1192 3392 1299 3460 putent
1313 3400 1345 3441 so
1360 3381 1422 3442 iore

396 3507 415 3542 o
436 3485 555 3546 delusos
569 3494 598 3543 et
609 3501 689 3542 meos
700 3501 774 3559 quos
791 3482 856 3541 misi
872 3492 968 3541 morte
978 3482 1107 3541 afficiant
1121 3503 1150 3543 n.
1160 3481 1205 3543 dd
1218 3481 1274 3541 heo
1289 3483 1422 3562 legatus:

396 3610 414 3644 (ι
436 3584 562 3645 Dimiete
582 3582 631 3642 hio
645 3579 760 3659 aliquos
775 3600 810 3641 ex
827 3581 873 3641 his
889 3580 946 3640 tuis
966 3583 1058 3660 magis
1074 3591 1160 3643 notos
1174 3583 1354 3661 borgundia
1372 3583 1424 3662 qui

397 3707 414 3743 o
437 3686 479 3745 eis
494 3683 661 3762 significent
673 3701 726 3742 nos
738 3681 906 3758 Trajcetum
920 3682 1049 3761 petiisse,
1061 3693 1092 3742 et
1102 3681 1180 3742 iofra
1191 3694 1321 3759 quatuor
1334 3682 1425 3744 horas

427 3927 464 3994 (t)
483 3928 553 3978 Lisez
564 3925 674 3992 quidem.
