3088 4926
585 459 739 558 (rar)

141 600 290 660 civitatem
315 599 383 658 belli
416 599 570 678 numptius
599 600 675 658 circa
703 599 762 660 dici
789 611 888 660 ortum
918 601 988 676 suit,
1016 601 1064 661 die
1091 602 1176 663 sabat

139 719 201 760 xxti
226 699 366 771 octubris,
389 709 483 759 toturn
512 699 740 780 burgundorum
769 700 936 761 exercitum
963 701 1119 781 perfusum
1145 715 1175 762 et

141 799 347 880 profligatum,
362 801 579 878 maximamque
594 801 658 878 ejus
674 810 789 880 partem
804 802 930 862 occisam
944 821 952 876 3
974 800 1095 862 demum
1110 821 1177 862 suc·

141 903 262 962 cessiris
278 902 369 976 horis,
382 901 470 961 modo
485 920 628 980 prospera
645 903 726 980 ipsis,
743 903 832 962 modo
854 903 978 964 adversa
994 903 1176 963 nuntiaban-

144 1015 204 1078 tur;
221 1007 362 1080 stetitque
372 1011 458 1063 atrox
473 1004 553 1063 inter
568 1013 712 1082 utrosque
725 1005 855 1084 prelium
867 1024 960 1083 usque
971 1005 1009 1066 ad
1019 1004 1174 1066 meridiem

142 1107 206 1166 iere
228 1105 291 1182 ejus
313 1103 387 1178 diei;
412 1105 529 1182 fuitque
553 1107 584 1165 in
609 1105 728 1164 civitate
753 1106 790 1165 ad
815 1105 891 1166 hore
917 1106 1046 1183 spatium
1069 1106 1175 1186 ingens

142 1223 248 1265 rumor
260 1206 405 1264 ioannem
421 1205 542 1264 Dervi1d
559 1204 694 1278 militem,
715 1224 808 1264 unum
825 1225 858 1264 ex
875 1207 1036 1284 capitaneis
1055 1207 1175 1282 civium,
1252 1253 1253 1256 ,

141 1305 178 1365 ab
193 1305 403 1365 Leodicnsibus
417 1305 514 1364 securi
531 1324 705 1384 percussum
720 1325 755 1366 ec
771 1306 851 1384 quod
874 1306 986 1367 tardius
1006 1307 1046 1384 ad
1063 1307 1174 1367 bellum

140 1408 289 1466 venisset:
310 1405 394 1481 'quod
414 1416 511 1464 tamen
533 1417 717 1482 exequutum
740 1425 801 1466 non
825 1407 891 1481 tun,
910 1407 978 1466 licet
995 1415 1173 1487 temptatum

141 1519 170 1566 ct
186 1507 242 1566 sibi
257 1509 469 1566 conminatum.
486 1505 617 1565 Tandem
635 1507 798 1585 Bu-rgundi,
814 1508 975 1586 resumptis
996 1508 1120 1584 viribus,
1142 1511 1172 1569 in

140 1627 235 1684 unum
249 1606 416 1685 conglobati
427 1609 503 1666 circa
514 1607 614 1666 viliam
627 1626 715 1684 quam
728 1616 835 1666 vocant
847 1609 964 1680 Lentia,
975 1609 1088 1670 civitati
1101 1627 1173 1689 pro-

140 1711 250 1770 ximam
265 1709 302 1769 ad
318 1728 407 1768 unam
420 1711 534 1768 leucam
546 1708 594 1790 (i),
608 1728 747 1788 magnum
763 1721 864 1768 contra
882 1709 1062 1770 Leodienses
1078 1711 1172 1790 impe-

142 1828 206 1876 tum
221 1815 328 1875 iecere.
343 1817 603 1893 Resumptumquc
624 1825 670 1873 est
691 1831 794 1874 sevum
818 1823 848 1872 et
868 1822 1026 1873 cruentum
1048 1814 1172 1886 bellum,

141 1916 242 1975 multis
261 1916 403 1992 utrinque
421 1915 523 1974 occisis
543 1926 572 1974 et
591 1913 668 1972 datis
687 1922 718 1973 et
736 1915 863 1992 acceptis
880 1914 1066 1974 vulneribus.
1084 1915 1174 1974 Erant

138 2015 219 2074 inter
240 2014 445 2074 Leodiensium
471 2015 586 2091 equites
609 2014 672 2074 iere
694 2015 789 2088 mille,
811 2014 935 2073 minime
957 2015 1065 2073 assucti
1088 2014 1172 2091 equis

143 2133 290 2194 pugnarc3
307 2117 358 2176 sed
373 2134 440 2175 cum
455 2117 484 2174 in
501 2117 625 2194 Tungris
639 2117 747 2176 multos
763 2127 792 2176 et
809 2118 928 2194 pulcros
939 2117 1171 2196 Burgundorum

140 2216 239 2294 adepti
253 2216 379 2275 fuissent
395 2234 500 2293 equos,
515 2217 674 2276 exiverunt
688 2225 841 2294 equestres
857 2217 894 2276 ad
912 2235 1056 2296 pugnam,
1072 2227 1174 2297 preter

140 2335 244 2377 eorum
267 2317 512 2377 consuetudinem
531 2337 537 2376 :
554 2318 617 2395 qui,
631 2337 699 2378 cum
715 2318 756 2400 (⁶2)
773 2321 1003 2398 Burgundorum
1024 2319 1174 2396 equitibus

141 2418 244 2496 peritis
269 2431 299 2480 et
324 2419 400 2479 belic
422 2421 547 2479 assuetis
571 2421 719 2497 congressi
742 2431 854 2496 essent,
877 2421 933 2498 ipsi
955 2421 1055 2480 minus
1079 2422 1174 2482 edocti

140 2537 200 2578 non
227 2519 359 2579 valentes
378 2537 483 2578 eorum
513 2518 684 2580 substinere
713 2521 869 2601 impetum,
892 2521 979 2599 pauic
1005 2529 1070 2598 post
1092 2534 1172 2602 terga

138 2619 262 2694 dedere3
280 2615 342 2679 tum
357 2620 589 2698 Burgundurum
605 2621 721 2696 equites
736 2621 920 2699 peditesque,
933 2621 1060 2681 maxime
1074 2620 1174 2682 arcbi·

140 2728 274 2780 tenentes
295 2731 324 2781 ct
338 2721 411 2780 levis
427 2730 579 2780 armature
593 2721 660 2795 viri,
676 2720 788 2797 impetu
805 2721 835 2779 in
861 2719 1037 2780 Leodienses
1052 2721 1129 2781 facto
1143 2733 1174 2783 et

93 2829 94 2832 ’
138 2841 174 2881 ex
189 2822 230 2881 eis
245 2823 345 2882 multis
361 2822 468 2902 passim
486 2840 639 2901 peragras
655 2821 769 2894 occisis,
781 2821 923 2900 usquead
935 2830 1035 2900 portas
1047 2821 1173 2884 civitatis

138 2925 311 3002 persequuti
326 2933 407 2997 sunt,
422 2923 496 2983 nulii
514 2934 679 3002 parcentes.
694 2924 870 2983 Recensitus
885 2932 987 3003 postea
1002 2933 1047 2983 est
1063 2941 1171 2983 nume-

136 3043 189 3082 rus
205 3042 308 3083 eorum
325 3026 375 3102 qui
391 3023 439 3084 dic
453 3024 503 3084 iiio
518 3024 667 3084 interiecti
684 3035 755 3084 sunt
771 3023 851 3084 mille
871 3034 899 3083 et
919 3024 1152 3102 quingentorum
1162 3043 1170 3098 ;

139 3143 207 3184 nam
228 3130 414 3186 retraxerant
432 3145 463 3186 se
484 3126 515 3198 in
539 3125 607 3185 viiia
628 3126 742 3185 Lentim
759 3125 838 3185 sorte
860 3123 1015 3204 quingenti
1029 3123 1171 3184 Leodien-

138 3227 214 3286 sium
228 3225 351 3311 pedites,
366 3227 427 3304 qui,
443 3227 593 3306 occupatis
608 3226 677 3286 ville
691 3225 843 3286 hedeficiis
858 3236 887 3286 et
903 3226 978 3285 turri
991 3227 1122 3299 ecclesie,
1133 3225 1170 3285 ab

138 3328 326 3388 invasoribus
344 3330 513 3408 Burgundis
532 3347 564 3389 sc
584 3329 729 3388 acerrime
746 3327 967 3389 defendebant:
988 3327 1040 3387 scd
1059 3337 1171 3406 postea,

138 3427 215 3488 circa
237 3428 306 3488 sciis
331 3446 477 3502 occasum,
501 3449 517 3488 a
542 3429 707 3509 segiptariis
733 3439 763 3488 et
790 3427 894 3505 maiori
918 3437 1002 3505 parte
1023 3426 1172 3488 exercitus

1 3539 2 3544 ’
99 3610 101 3614 Ι
137 3529 325 3604 circumdati,
347 3530 383 3590 ed
410 3549 504 3591 unum
526 3547 630 3591 omnes
653 3529 802 3590 interiecti
833 3540 904 3589 sunt
929 3539 958 3589 et
984 3546 1039 3606 pro
1065 3527 1170 3605 majori

139 3639 223 3708 parte
250 3632 407 3707 combusti,
435 3632 563 3692 incensis
592 3633 662 3692 viiic
690 3629 947 3692 mettensium
970 3629 1116 3689 maximus
1138 3629 1168 3688 in

172 3878 206 3940 (1)
225 3878 325 3940 Lantin,
336 3879 426 3942 rittage
439 3879 452 3928 t
466 3892 517 3929 une
529 3879 595 3929 tiene
606 3884 631 3929 et
641 3877 726 3928 demie
738 3878 770 3928 de
783 3877 867 3940 tiege.

173 3965 208 4026 (Ξ)
227 3965 482 4027 Cum,con1'0ncticn.
495 3966 515 4016 tl
528 3965 581 4016 taut
594 3963 693 4028 ajduter
704 3964 727 4016 ia
739 3963 893 4028 prepositicn
903 3976 971 4015 cum.

225 4057 283 4110 utu
312 4071 460 4114 cruentus.
1031 4052 1048 4109 9
