3088 4926
570 450 723 546 (too)

137 611 196 669 quo
214 590 388 670 pergebant,
401 588 432 650 in
447 609 553 669 agrum
567 589 758 650 leodiensem
774 591 964 652 diverterunt
984 609 1052 651 eum
1073 590 1169 650 omni-

137 692 192 752 bus
215 691 307 770 copiis
328 692 425 770 (erant
445 692 524 752 enim
550 691 670 752 finitimi
692 694 755 771 agri
776 695 1022 754 Namurcensium
1044 701 1075 752 et
1096 695 1168 753 Leo·

137 791 306 872 diensium),
328 792 575 873 reperientesque
595 793 719 871 opidum
741 795 867 875 'iongris
889 795 1011 855 armatis
1031 811 1168 866 arcuum,

136 897 235 973 ipsum
257 895 369 954 sineri
390 895 487 972 aliqua
508 895 634 972 ingressi
654 906 735 970 sunt,
749 895 893 974 oppidum
914 897 1012 975 ipsunt
1028 913 1062 954 ac
1077 903 1166 954 totam

137 997 262 1074 patriam
278 995 395 1074 spoliis,
409 993 554 1054 incendiis
570 1005 598 1054 et
613 993 684 1055 cede
699 1005 848 1056 vastantes
863 995 913 1076 (i).

179 1099 269 1154 Erant
284 1113 319 1155 eo
335 1104 469 1172 ternpore
491 1094 630 1154 dominus
652 1096 688 1154 de
712 1095 941 1167 Humbercourt,
963 1097 1166 1154 locumtenens
1182 1109 1350 1176 ambercourt
1363 1120 1428 1155 recu-

136 1198 220 1256 ducis
240 1196 306 1274 (qui
329 1215 364 1254 ex
387 1196 513 1273 Tongris
534 1194 591 1255 sub
614 1195 674 1255 fide
695 1197 808 1256 reditus
829 1198 1004 1257 discesserat
1025 1196 1055 1255 in
1077 1194 1167 1275 opido
1210 1170 1428 1284 ἓζῑὲᾗξῗέἓῧορξξ

135 1317 227 1376 quem
243 1300 353 1357 Leones
368 1297 409 1377 (i)
423 1297 519 1355 accole
533 1297 661 1374 vocant),
676 1306 705 1358 et
719 1297 857 1357 dontinus
872 1299 1000 1358 ioannes
1012 1297 1048 1357 dc
1059 1299 1167 1376 Berges
1209 1283 1277 1331 θύω
1291 1283 1385 1342 Bm·

135 1403 166 1460 in
182 1399 330 1476 Trajecto,
346 1417 420 1475 quos
435 1397 538 1458 anthos
553 1416 643 1476 supra
658 1398 688 1457 in
704 1400 868 1478 Tongrensi
888 1399 999 1459 insultu
1020 1416 1167 1459 memora-

136 1502 244 1560 vimus.
261 1500 296 1559 iii
312 1499 371 1558 duo
387 1499 488 1558 eadem
509 1498 570 1573 die,
586 1499 625 1576 xij
642 1499 783 1572 octobris,
802 1501 898 1580 iegato
917 1502 1065 1580 scripsere
1083 1518 1115 1558 se
1132 1501 1168 1559 de

138 1620 209 1680 pace
231 1619 291 1663 non
313 1600 488 1678 desperare,
509 1617 578 1658 nam
599 1600 709 1677 Bergez
729 1601 791 1677 (qui
816 1619 850 1659 ee
873 1611 958 1660 noete
980 1602 1064 1675 ciam,
1086 1612 1166 1660 metu

138 1703 253 1774 mortis,
267 1720 335 1760 cum
352 1719 438 1761 mane
452 1699 540 1759 simui
556 1699 698 1760 Leodiurn
714 1700 784 1758 ituri
800 1709 909 1772 essent,
921 1720 936 1758 a
949 1701 1043 1779 iegato
1059 1701 1168 1760 disces-

138 1814 227 1876 serat,
240 1822 297 1880 qua
310 1803 483 1863 Leodienses
495 1802 620 1879 Tongris
632 1801 743 1879 agressi
754 1809 846 1876 sunt),
858 1801 1025 1880 intelligens
1040 1802 1167 1879 legatum

138 1904 176 1963 de
191 1921 243 1962 sua
258 1903 353 1962 sainte
366 1902 536 1972 sollicitum,
550 1901 626 1961 illico
642 1919 708 1960 cum
724 1901 892 1980 Trajectum
905 1902 1049 1981 applicuit
1061 1900 1169 1961 mulie·
1182 1911 1273 1958 Lictcra
1293 1911 1379 1971 Bergez
1401 1912 1430 1958 ad

140 2022 204 2062 rem
225 2004 365 2062 rusticam
388 2021 455 2061 cunr
477 2003 598 2076 lieteris,
619 2014 653 2062 ut
675 2003 767 2062 moris
788 2015 831 2063 est
852 2005 960 2082 patrie,
982 2003 1019 2062 ed
1040 2004 1168 2082 legatum
1254 1970 1359 2029 legatum.

141 2105 223 2164 misit
233 2105 332 2179 ipsum
345 2103 381 2162 de
394 2103 488 2162 salute
499 2121 550 2162 sua
563 2114 677 2162 certum
692 2103 813 2180 iaciens,
826 2117 855 2164 et
866 2103 999 2164 subdens
1011 2104 1039 2162 in
1053 2104 1149 2164 littera
1163 2123 1170 2162 :

142 2227 160 2263 c<
176 2206 288 2264 Vellem
308 2205 410 2280 utique
428 2203 605 2263 Leodienses
623 2201 705 2264 hunc
723 2203 867 2263 insultum
887 2201 1089 2283 protardasse,
1104 2221 1170 2282 spe-

142 2329 161 2363 »
177 2325 245 2365 rans
264 2305 400 2365 medior.
417 2326 446 2383 p.
462 2325 489 2363 v.
505 2303 615 2380 aliquid
637 2304 709 2365 boni
730 2304 760 2363 in
784 2307 904 2365 materia
926 2305 1060 2385 ipsorum
1082 2305 1172 2364 fuisse

142 2428 160 2463 n
175 2415 334 2484 operatus;
349 2424 429 2464 nune
444 2417 544 2464 nutem
560 2405 632 2482 quid
646 2405 741 2466 dicam
757 2405 869 2465 nescio:
885 2423 978 2464 unum
993 2415 1091 2464 tamen
1102 2404 1172 2479 scio,

142 2529 160 2564 n
175 2507 256 2584 quod
276 2504 435 2585 desperare
455 2524 513 2564 non
534 2505 615 2579 volo,
631 2506 702 2564 dum
719 2515 817 2565 tamen
834 2525 858 2565 r.
876 2525 904 2585 p.
918 2526 947 2564 v.
961 2504 1096 2564 laborare
1111 2523 1171 2564 non

143 2631 161 2666 t>
177 2609 333 2669 desistat».
346 2608 399 2666 Cui
415 2609 539 2685 legatus,
553 2605 591 2665 de
605 2607 700 2665 salute
714 2625 767 2665 sua
783 2624 883 2666 secum
898 2605 1099 2684 congaudens,
1110 2625 1172 2666 res-

142 2711 269 2789 cripsit:
288 2733 306 2768 <t
326 2710 499 2780 Consentio,
520 2708 633 2785 inquit,
653 2719 764 2782 tecum,
785 2707 909 2767 illustris
930 2709 987 2780 vir,
1008 2715 1038 2766 et
1057 2717 1171 2767 rectum

143 2835 161 2870 n
174 2812 316 2890 juditium
332 2820 417 2869 tuum
431 2809 520 2868 laudo
536 2808 616 2885 quod
632 2806 807 2868 Leodienses
822 2807 927 2868 meiius
941 2808 1081 2868 iecissent
1092 2807 1173 2868 hunc

144 2913 323 2972 »insultum
344 2912 506 2970 retardare.
532 2909 652 2969 Gaudeo
674 2919 772 2969 tamen
796 2908 991 2970 vehementer
1011 2908 1092 2988 quod
1113 2928 1173 2969 non

144 3036 163 3071 n
177 3014 300 3074 omnino
315 3012 353 3073 de
366 3031 437 3091 pace
453 3011 603 3091 desperes,
619 3018 649 3071 et
663 3010 718 3070 hee
732 3029 800 3091 spes
813 3021 863 3070 tua
875 3010 948 3071 mihi
960 3029 1079 3089 quoque
1090 3030 1173 3090 spem

145 3135 163 3171 n
177 3113 322 3186 restituit,
344 3131 432 3190 quam
455 3111 573 3190 penitus
596 3111 771 3189 abjeceram.
795 3110 853 3171 Sed
873 3131 928 3190 ego
952 3112 1090 3173 laborare
1113 3130 1173 3174 non

179 3421 215 3485 (1)
232 3419 342 3470 Suffride
365 3418 431 3469 Petri
455 3419 503 3468 tiae
525 3431 558 3467 au
582 3419 613 3468 15
637 3418 739 3468 octobre
761 3416 865 3467 i’entre'e
886 3418 930 3467 des
951 3419 1175 3481 Bourguiguonsi

144 3509 265 3571 t'ongres.
277 3505 320 3555 Cir
337 3505 447 3564 dorion,
459 3505 507 3564 eol,
521 3505 592 3562 ¹337,
605 3509 630 3552 et
642 3503 665 3553 le
687 3502 754 3552 Bou.
766 3504 796 3552 de
808 3501 931 3552 t’ittstt'tut
941 3501 1052 3552 arcteot.
1065 3505 1177 3566 tte'oeoic,

146 3601 163 3643 t.
174 3592 241 3652 ΧΙΙΙ,
255 3604 319 3654 page
335 3591 372 3640 16.
385 3591 420 3640 Le
432 3591 464 3639 16
476 3591 553 3652 partit
565 3589 598 3638 de
611 3589 724 3638 cambrai
740 3589 826 3639 Simon
839 3589 871 3638 de
882 3589 906 3638 le
921 3589 1030 3649 Kerrest‚
1042 3585 1179 3639 seeretaire

147 3682 181 3731 du
193 3681 244 3730 duc
255 3679 367 3738 charles,
377 3677 475 3740 enroye'
487 3691 531 3740 par
542 3675 646 3727 cetui-ci
657 3688 691 3724 au
702 3675 795 3724 derant
806 3676 841 3724 du
854 3673 920 3736 le'gat
931 3691 943 3722 c
953 3682 1037 3724 estant
1047 3674 1099 3724 lors
1110 3687 1143 3724 en
1156 3675 1178 3724 {a

146 3766 196 3819 cite
211 3768 243 3817 de
259 3766 349 3830 Liege,
365 3779 429 3828 pour
440 3766 463 3816 ie
474 3764 596 3814 eonduire
607 3764 745 3826 parderaut
760 3763 934 3826 Monseigneur
947 3781 970 3812 r.
980 3762 1051 3826 (ch.
1064 3763 1179 3813 Annales

146 3856 177 3906 de
189 3853 288 3905 i’dcod.
299 3851 438 3903 d'oreiteol.
450 3852 481 3900 de
490 3848 624 3914 -Belpr'qtte,
637 3857 653 3900 t.
666 3847 700 3899 lii
712 3847 806 3912 (1867),
820 3862 882 3913 page
894 3847 956 3908 658,
968 3849 1047 3911 note.)
1117 3892 1120 3896 .

179 3943 214 4002 (2)
229 3935 311 4004 'Lean
322 3953 354 3988 cn
369 3939 486 3995 licebant,
498 3950 542 3987 sur
554 3936 577 3988 ie
589 3935 708 3986 frondere
720 3935 753 3986 du
767 3935 913 3999 Lintbotrrg.
