3088 4926
822 479 949 576 (44)

372 618 566 680 »nobiscum
592 619 646 680 bec
671 620 769 680 omnia
799 628 984 680 tractaturos.
1010 640 1028 676 n
1053 619 1169 693 Quibus
1193 618 1313 695 auditis,
1342 622 1401 681 dua

372 721 526 798 paululum
550 739 650 780 secum
674 721 838 781 consistens
867 730 897 778 ct
925 731 1027 778 vocato
1055 737 1191 780 seorsum
1217 721 1323 802 legato,
1347 721 1401 782 hcc

371 823 503 882 breuiter
516 823 637 882 retulit:
649 824 715 882 Νοιι
728 821 822 888 videri
834 820 889 880 sibi
902 839 957 883 nec
967 819 1134 880 conducere
1147 822 1189 880 rei
1205 840 1259 882 sue
1280 835 1313 883 ιιι
1331 811 1401 883 con·

329 930 332 935 ’
370 921 497 982 siliarios
521 941 590 981 suos
609 922 750 982 leodium
775 940 843 981 cum
868 921 910 981 eis
939 922 1058 994 mictat3
1077 940 1146 979 nam
1167 923 1192 981 si
1213 921 1269 982 boc
1290 937 1401 1001 ageret,
1456 929 1457 932 ’
1535 929 1536 972 t

317 1093 318 1096 Ἴ
371 1022 456 1082 facile
474 1022 611 1083 extimari
633 1000 670 1082 ab
692 1022 756 1081 aliis
778 1032 878 1101 posset
896 1022 993 1098 ipsum
1017 1041 1032 1080 ιι
1055 1021 1206 1099 prioribus
1227 1024 1400 1084 tractatibus

371 1123 447 1187 vello
470 1121 637 1197 discedero;
657 1123 708 1182 sed
735 1123 798 1201 ipsc
820 1121 929 1201 potius,
947 1133 981 1180 ut
998 1121 1132 1180 comunis
1150 1121 1273 1202 legatus,
1293 1143 1347 1202 per
1370 1143 1401 1183 sc

371 1223 468 1300 ipsum
484 1222 521 1280 ab
536 1223 674 1301 episcopo
685 1231 715 1283 et
726 1224 805 1282 clero
818 1223 898 1301 apud
912 1221 1052 1282 leodium
1065 1222 1244 1301 intelligeret
1258 1225 1400 1301 quidnam

372 1324 402 1383 in
422 1323 465 1382 eis
486 1323 618 1382 articulis
638 1331 775 1402 peterent
794 1325 902 1401 corrigi
921 1323 967 1382 acl
986 1323 1153 1396 reformari,
1168 1335 1198 1383 ct
1212 1343 1245 1383 ca
1261 1325 1316 1385 sibi
1332 1334 1400 1386 nota

371 1424 493 1492 iaceret;
514 1421 565 1482 sod
586 1423 662 1483 nibil
683 1423 846 1484 inmutaret
871 1441 906 1483 eo
929 1424 1106 1484 inconsulto.
1136 1425 1269 1485 Assensit
1288 1426 1401 1505 legatus

369 1523 453 1583 duris
465 1523 611 1583 voluntati
623 1535 653 1582 et
665 1522 792 1583 firmiter
803 1523 950 1600 pollicitus
962 1532 1006 1583 est
1020 1547 1038 1582 u
1049 1542 1082 1583 ea
1095 1526 1193 1584 onmia
1206 1544 1237 1586 se
1245 1524 1402 1604 diligenter

369 1637 516 1700 acturum,
538 1636 567 1684 et
589 1625 757 1684 rediturum
779 1619 816 1683 ad
840 1625 982 1704 ipsumsi
1003 1627 1040 1684 ed
1061 1637 1194 1702 tempore
1210 1644 1269 1685 non
1285 1627 1402 1706 longius

369 1725 502 1785 abesset:
525 1743 593 1784 nam
614 1724 693 1784 fama
715 1733 778 1784 erat
801 1725 901 1802 ipsum
924 1725 954 1783 in
977 1725 1083 1784 Gallias
1111 1724 1326 1802 proiecturum.
1349 1727 1401 1788 Sin

370 1844 454 1901 vcro,
475 1826 550 1886 duos
572 1845 606 1884 ex
626 1824 775 1885 canonicis
791 1824 1004 1884 leodiensibus
1019 1824 1181 1884 missurum
1197 1825 1233 1885 ad
1249 1845 1319 1886 curn
1335 1826 1399 1887 ubi·

369 1945 488 2003 cunqne
513 1927 602 2000 soret,
628 1943 696 1984 cum
723 1926 783 1984 suis
809 1936 838 1984 et
863 1943 966 1985 eorum
994 1925 1104 2001 petitis.
1126 1927 1190 1998 Quo
1216 1937 1248 1986 ut
1272 1926 1400 2007 benigue

369 2026 544 2104 dignaretur
555 2027 688 2101 accipere
700 2025 730 2085 in
742 2026 867 2085 Ecclesie
880 2024 1022 2100 levorem,
1033 2026 1158 2104 supplex
1170 2027 1276 2087 dueern
1287 2029 1401 2108 legatus

371 2141 510 2188 exoratus
525 2137 579 2186 cst.

116 2254 229 2299 accessus
242 2252 309 2298 ducis
318 2252 360 2299 ad·
412 2229 473 2286 lloc
489 2227 572 2286 brevi
587 2246 726 2287 sermone
742 2245 809 2285 cunr
825 2225 921 2304 legato
935 2234 1082 2285 scanotum
1097 2227 1212 2302 babitu,
1229 2227 1289 2286 dux
1310 2229 1346 2287 ab
1365 2247 1400 2289 eo

150 2323 327 2370 versusregem.
372 2328 557 2402 valefaciens,
578 2329 653 2388 illico
674 2329 756 2407 signa
775 2327 840 2387 dari
857 2327 954 2404 jussit,
975 2326 1118 2388 adversus
1140 2347 1239 2407 regem
1259 2349 1326 2388 curn
1346 2349 1400 2390 suo

371 2428 503 2488 exercitu
519 2429 724 2507 proiecturus3
737 2447 836 2505 quem,
852 2428 919 2487 licet
931 2439 1116 2488 recusantem
1130 2438 1159 2488 et
1174 2429 1212 2489 ob
1224 2429 1399 2490 modestiam

371 2531 561 2605 renitentem,
574 2532 686 2610 legatus
701 2530 739 2590 ad
750 2530 863 2608 aliquot
877 2530 957 2589 mille
969 2549 1072 2608 passus
1084 2537 1239 2591 comitatus
1251 2544 1305 2607 cst,
1317 2543 1400 2611 grato

371 2644 401 2692 et
416 2633 577 2692 multarum
594 2651 694 2691 rorum
717 2632 808 2692 suavi*
820 2630 978 2708 conloquio
997 2650 1097 2691 secum
1115 2650 1168 2709 per
1183 2635 1260 2693 viam
1282 2653 1400 2712 semper

371 2731 480 2793 habito.
498 2733 640 2809 Sequenti
660 2751 731 2793 vero
750 2733 798 2792 dic
817 2732 929 2811 legatus
951 2750 1019 2791 cum
1041 2733 1181 2812 episcopo
1200 2753 1235 2793 ex
1256 2735 1400 2796 Bruxellis

114 2857 358 2916 necessustegaucurn
371 2833 459 2892 simul
475 2834 662 2907 recedentes,
685 2851 739 2911 pcr
760 2833 904 2892 Lovenios
919 2843 948 2890 ct
967 2835 1103 2911 Tungros
1118 2833 1256 2894 vicesima
1273 2835 1400 2896 secunda

141 2928 260 3022 ἷᾞζὲῗξζ,
278 2928 358 2963 versus
370 2936 417 2994 dic
431 2935 542 2994 mensis
558 2934 676 3012 augusti
692 2933 835 2994 brodium
851 2933 963 2993 reversi
979 2944 1058 2993 sunt.

113 3052 231 3116 mactatus
245 3112 249 3120 ι
264 3053 357 3119 habitus
409 3036 599 3113 congregatis
610 3033 748 3094 omnibus
760 3033 887 3092 Ecclesic
899 3033 1033 3110 patribus
1046 3045 1164 3111 postero
1179 3034 1226 3096 die
1241 3038 1272 3096 in
1284 3055 1397 3098 sucrum

125 3109 358 3228 fggaffigffwppss'c‘ss']
369 3135 447 3194 beati
463 3135 609 3194 lamberti
626 3132 723 3208 odem,
743 3133 933 3212 presentibus
953 3134 1047 3212 legato
1068 3146 1097 3194 et
1120 3136 1274 3216 episcopo,
1291 3146 1395 3200 notum

124 3237 178 3283 pum
190 3233 212 3272 ⁰²
224 3226 356 3286 capitutum.
367 3237 409 3295 cis
425 3235 535 3295 iactum
552 3247 597 3296 est
611 3233 682 3312 quid
700 3235 780 3312 apud
796 3233 901 3294 ducem
919 3243 1019 3294 actum
1034 3243 1113 3295 esset
1127 3248 1156 3296 et
1174 3255 1233 3313 que
1247 3238 1396 3300 conclusio

179 3331 181 3334 ’
366 3337 466 3396 babitu
483 3356 537 3416 per
551 3337 691 3415 legatum,
707 3346 846 3413 presente
862 3343 892 3395 ct
904 3335 1028 3395 absente
1042 3336 1197 3414 episcopm
1212 3350 1242 3399 ct
1256 3340 1396 3416 quoniam

365 3458 413 3498 res
433 3439 592 3498 admodum
612 3437 734 3517 grandis
755 3449 832 3497 esset
850 3446 880 3497 et
898 3437 934 3496 ad
950 3437 999 3514 jus
1019 3438 1146 3498 Ecclesic
1161 3440 1289 3501 maxime
1305 3443 1397 3521 perti·

365 3558 450 3615 nens,
465 3538 601 3616 requisiti
617 3548 688 3597 sunt
700 3557 754 3616 per
766 3538 896 3618 legatum
912 3538 1068 3617 episcopus
1080 3548 1109 3598 ct
1121 3540 1242 3601 ecclesie
1254 3553 1352 3620 patres
1365 3551 1397 3600 ut

364 3659 455 3717 super
471 3658 503 3698 ea
518 3637 650 3716 graviter
664 3649 692 3696 ct
709 3650 787 3697 recto
809 3637 1001 3698 consulerent
1021 3639 1094 3716 quid
1116 3640 1263 3719 agendum
1287 3642 1396 3719 quidve

363 3738 619 3812 confirmandum,
642 3738 856 3798 infirmandum
879 3740 925 3798 vel
948 3740 1174 3801 reformandum
1194 3755 1279 3804 essct.
1296 3745 1395 3804 Multis

365 3859 436 3900 vero
456 3861 491 3900 ex
514 3840 554 3900 cis
579 3859 632 3918 pre
654 3841 745 3902 niruio
769 3842 875 3911 timore
899 3843 1079 3917 tacentibus,
1094 3845 1157 3904 aliis
1172 3865 1242 3905 vcro
1258 3847 1395 3926 ambigue

363 3939 555 4017 loquentibus
575 3952 604 4001 et
615 3933 718 4019 'legato
733 3940 971 4020 supplicantibus
987 3950 1020 4000 ut
1034 3960 1084 4001 cos
1099 3943 1135 4002 ad
1150 3945 1396 4023 respondendum
