3088 4926
584 429 711 524 (59)

126 570 279 650 agendum
299 569 398 630 omnia
422 588 481 647 que
500 587 535 629 ex
557 571 732 631 auctoritate
754 590 806 631 suc
828 591 896 632 cum
915 572 1030 651 justitia
1061 585 1161 652 posset

127 689 183 751 pro
195 670 372 731 liberatione
383 687 498 740 eorum,
513 671 655 748 usquead
667 670 823 732 brachium
837 672 969 750 seculare
980 689 1015 747 n;
1030 673 1158 735 dominis

125 771 216 832 castri
240 787 363 829 innuens
385 779 415 830 et
436 768 579 830 mandans
600 793 617 828 κ
636 773 716 849 ipsos
739 773 864 832 relaxari
889 784 918 833 et
943 773 1053 853 corrigi
1077 774 1160 852 quod

128 873 258 952 turpiter
286 884 412 951 egerunt
436 872 467 931 in
495 873 623 933 dedecus
652 875 740 952 legati
769 885 799 934 et
828 875 856 934 d.
889 875 1075 946 leodiensis,
1104 875 1160 936 sub

126 992 259 1054 quorum
285 973 468 1051 protectione
494 983 523 1033 et
548 974 629 1034 salvo
654 974 802 1035 conductu
828 994 883 1054 pro
910 995 980 1054 pace
996 984 1161 1037 venerant:

127 1075 261 1152 alioquin
284 1072 442 1151 providere
464 1092 584 1134 necesse
604 1074 661 1134 erit
685 1093 739 1153 per
757 1077 864 1136 modos
875 1074 991 1153 justitie
1015 1089 1043 1138 et
1064 1095 1163 1137 nrrno·

29 1223 32 1233 .
128 1194 199 1236 rum
214 1193 276 1236 non
291 1174 333 1234 eis
348 1183 457 1254 gratos,
469 1175 522 1235 sed
537 1170 613 1236 sorte
629 1178 758 1236 multum
775 1178 932 1238 damnosos
951 1178 993 1237 eis
1016 1187 1045 1236 et
1068 1177 1163 1256 patrie

129 1294 236 1337 eorum
249 1297 268 1332 n
274 1294 283 1349 3
295 1275 417 1334 domino
431 1275 584 1336 leodiensi
598 1298 616 1334 a
630 1287 663 1336 ut
675 1277 951 1356 providerettaliter
963 1296 1052 1354 quam
1064 1276 1163 1337 honor

128 1375 266 1436 comunis
287 1375 386 1436 salvus
406 1386 483 1436 esset
504 1387 533 1436 et
556 1376 717 1437 familiares
736 1378 823 1458 legati
845 1389 875 1438 et
892 1379 989 1439 clerus
1005 1397 1065 1438 non
1080 1381 1162 1457 peri·

128 1486 213 1552 rent;
222 1478 303 1556 quod
315 1477 339 1537 si
351 1496 411 1537 non
423 1477 546 1550 laceret,
557 1497 618 1538 uon
628 1463 692 1537 sore
704 1479 851 1539 mundum
864 1499 879 1538 a
891 1479 1060 1559 suspicione
1072 1480 1161 1538 scitus

129 1580 222 1658 hujus
247 1579 316 1639 laeti
343 1590 373 1638 et
401 1579 590 1657 proditionis,
616 1580 807 1658 legatumque
835 1589 976 1658 oportere
1004 1579 1164 1659 providere

133 1677 231 1740 modis
246 1678 478 1756 quibuscunque
494 1689 592 1758 posset
607 1697 662 1756 pro
683 1697 788 1738 eorum
807 1678 983 1740 liberatione
1003 1680 1165 1740 ethonore

132 1799 189 1841 suo
204 1779 317 1840 tuendo
330 1789 360 1839 et
370 1779 491 1840 familiae
505 1799 559 1839 sue
574 1788 603 1838 et
619 1780 810 1840 ecelesiarum
824 1781 918 1840 salute
933 1802 962 1840 n.

176 1880 227 1940 llis
241 1879 349 1939 litteris
364 1879 493 1957 acceptis
507 1899 524 1938 a
539 1879 653 1938 civibus
668 1891 698 1939 et
712 1879 853 1958 capitulo,
866 1880 989 1959 mitigati
1003 1888 1073 1940 sunt
1087 1878 1166 1940 cives

135 1981 205 2060 erga
221 1997 376 2039 murmura
390 1981 421 2038 in
438 1978 578 2058 legatum,
591 1979 717 2039 maxime
729 1998 798 2039 cum
812 1979 1014 2059 intelligerent
1024 1980 1090 2039 illos
1106 1998 1165 2039 non

135 2101 202 2142 esse
217 2089 362 2140 mortuos.
377 2081 541 2159 Episcopus
559 2091 671 2153 autem,
687 2081 777 2140 misso
797 2081 967 2159 presidente
987 2081 1102 2140 consilii
1120 2080 1167 2140 sui

135 2181 317 2262 Burgundo,
338 2181 489 2241 excusavit
510 2200 542 2241 se
560 2191 696 2258 «preter
713 2182 820 2241 scitum
835 2193 866 2242 et
882 2182 1066 2242 voluntatem
1083 2199 1166 2240 suam

135 2283 194 2343 boc
208 2281 319 2341 iactum
334 2299 409 2357 esse,
423 2299 479 2340 nee
496 2300 527 2341 se
542 2279 622 2341 aliud
638 2299 734 2359 posse,
749 2299 818 2341 cum
833 2292 962 2342 castrum
977 2283 1076 2360 ipsum
1091 2290 1170 2341 esset

136 2381 262 2443 seudum
282 2379 375 2454 ducis,
395 2381 463 2440 licet
482 2381 550 2440 ville
573 2380 817 2458 circumjacentes
838 2393 939 2442 essent
958 2381 1015 2443 sub
1036 2380 1169 2442 dominio

136 2501 190 2543 suo
206 2503 235 2542 n.
250 2480 294 2541 Ad
313 2481 368 2541 hee
385 2481 498 2562 legatus
513 2480 670 2560 respondit
685 2501 691 2541 :
708 2503 726 2538 t<
745 2482 845 2560 ipsum
860 2482 971 2542 debere
993 2482 1101 2560 punire
1118 2499 1168 2540 eos

136 2586 167 2645 in
183 2583 281 2644 feudis
296 2601 401 2666 eorum
425 2581 482 2642 sibi
508 2581 645 2654 subditis,
663 2582 739 2642 duos
758 2601 830 2643 vero
852 2602 888 2643 ex
907 2582 1003 2645 tribus
1023 2582 1168 2643 frutribus

136 2685 189 2764 qui
207 2682 288 2764 apud
309 2684 407 2764 ipsum
430 2683 461 2742 in
482 2683 586 2743 eastris
605 2693 691 2744 erant
705 2702 811 2763 capere
826 2682 936 2744 debere
952 2694 981 2744 et
996 2679 1104 2762 punire
1118 2693 1170 2742 aut

135 2785 234 2865 legato
250 2765 368 2844 tradere
382 2782 551 2862 puniendos
566 2803 592 2842 n.
610 2783 726 2856 Quibus
742 2783 832 2844 rebus
844 2784 1002 2844 intellectis
1014 2795 1043 2845 et
1057 2783 1169 2843 exami—
1184 2782 1324 2891 Relffiptur
1338 2841 1343 2851 ,
1357 2783 1424 2844 togati

138 2884 215 2945 natis
237 2882 314 2944 bene
332 2902 386 2964 per
408 2901 487 2958 suos,
506 2893 664 2963 postquam
676 2885 718 2964 (l)
733 2882 868 2944 triduum
886 2884 1010 2944 relaxati
1027 2895 1099 2944 sunt
1119 2883 1171 2961 qui
1241 2854 1253 2890 ⁰
1285 2854 1392 2891 ranarum.

138 2972 363 3058 detinebantur,
377 2993 407 3044 et
420 2983 516 3064 legato
530 3001 586 3062 per
600 2983 677 3044 cives
689 2995 719 3044 et
729 2983 852 3045 elericos
863 2983 958 3065 gratie
971 2993 1044 3045 acte.
1059 2987 1172 3045 noeen-

137 3084 289 3146 debnntur
304 3085 447 3161 utrinque
465 3083 556 3143 animi
577 3082 616 3143 ad
631 3084 768 3164 praelium
783 3103 791 3144 :
807 3085 965 3164 episeopus
977 3085 1014 3145 ad
1029 3085 1173 3146 invaden-

138 3185 213 3244 dum
232 3184 397 3253 civitatem,
412 3184 492 3244 cives
506 3196 607 3244 antem
632 3185 669 3244 ad
690 3184 892 3264 irruptionem
898 3204 907 3259 ;
922 3186 974 3246 sed
990 3185 1129 3265 precibus
1144 3196 1173 3246 et

139 3286 308 3346 reverentia
335 3285 423 3364 legati
448 3287 591 3364 permoti,
614 3285 850 3363 supersederunt
877 3304 972 3363 usque
1002 3287 1039 3347 ad
1069 3305 1173 3347 comu-

140 3405 210 3447 nem
223 3384 265 3466 (ἢ)
278 3405 345 3446 cum
364 3387 460 3466 legato
474 3386 584 3446 iterum
601 3387 803 3465 conloquium.
817 3387 874 3447 Sed
889 3405 965 3448 neve
980 3386 1128 3466 episcopo,
1147 3387 1172 3446 si

140 3495 214 3546 tunc
229 3487 406 3547 alterutrum
422 3486 534 3547 laetum
549 3488 641 3562 soret,
655 3487 788 3566 inruptio
802 3487 848 3546 vel
863 3485 1006 3547 invasio...
1019 3485 1071 3567 (ὅ).

176 3750 214 3816 (l)
230 3750 304 3802 bisen
313 3751 392 3818 post?

174 3837 211 3901 (Ξ)
231 3837 304 3888 Lisez
316 3851 460 3889 commune.

176 3924 215 3990 (ὅ)
231 3925 301 3979 cette
313 3917 406 3991 phrase
418 3933 457 3978 est
468 3926 627 3998 incompleta.
636 3925 656 3978 lt
667 3925 721 3978 taut
729 3925 861 3990 peut-etro
873 3924 972 3988 aiouter
983 3938 990 3978 ι
1001 3937 1064 3976 neve
1075 3924 1176 3976 ciuitati

141 4009 296 4078 profuisset.
