3126 4906
793 432 807 530 ζ
835 431 945 526 iii)

359 591 459 654 regom
473 585 503 634 et
517 574 624 635 docem
636 583 733 647 osset,
748 575 827 634 iiiito
841 573 878 633 ad
892 574 1022 653 legatum
1045 574 1282 652 perquirendum
1306 575 1392 636 iilum

307 678 309 694 '
359 677 558 748 remiserunt3
570 685 602 735 ct
616 693 650 735 eo
666 683 762 748 noete,
772 675 948 754 inruptione
960 691 1014 751 per
1024 693 1076 735 eos
1086 674 1175 748 fucta,
1186 675 1298 736 betium
1310 677 1391 754 quod

357 775 682 855 supramemoravimus
706 786 877 836 consertum
903 782 958 834 est
980 774 1092 834 Retulit
1114 775 1211 854 iegato
1231 774 1281 836 hic
1303 793 1393 836 nuto-

360 877 439 955 otius
460 883 491 936 et
510 875 559 934 aiii
582 873 641 935 fide
660 874 743 954 digni
762 875 814 952 qui
831 874 908 934 duce
927 885 998 933 tunc
1017 874 1156 935 veicbout
1170 872 1214 954 (t)
1228 886 1259 935 et
1273 893 1342 936 com
1358 894 1394 936 eo

358 987 444 1038 erant
465 975 585 1054 quaudo
605 977 631 1036 is
654 977 807 1054 numptius
827 976 912 1055 iegoti
932 974 1045 1034 litteras
1067 974 1095 1034 ei
1115 974 1152 1035 od
1176 991 1283 1036 monus
1299 974 1393 1036 trodi-

358 1081 415 1151 dit‚
437 1078 530 1151 illico,
551 1077 679 1156 receptis
700 1088 729 1137 et
751 1077 834 1136 lectis
855 1076 977 1148 litteris,
998 1075 1104 1136 docem
1130 1075 1241 1136 dixisse
1265 1077 1395 1156 gallice:

358 1199 376 1238 c
401 1180 546 1240 Dominus
567 1179 678 1259 legatus
704 1179 828 1239 territus
850 1188 896 1237 est
917 1198 934 1234 a
946 1195 955 1249 ;
977 1177 1189 1254 mandavitque
1214 1178 1340 1239 rescribi
1366 1181 1394 1238 ci

358 1283 389 1340 in
409 1279 518 1340 effectu
538 1280 629 1339 verba
650 1296 710 1358 que
729 1297 783 1358 per
802 1277 987 1356 episcopum,
1003 1276 1225 1344 Hombercourt
1238 1289 1269 1338 et
1283 1277 1393 1358 berges

358 1399 448 1460 supra
474 1381 505 1440 in
531 1380 601 1439 viiie
626 1378 663 1440 de
687 1382 770 1440 Foux
785 1377 879 1439 ,ducis
909 1377 1153 1457 nominaleqato
1183 1379 1274 1439 relato
1304 1387 1393 1452 sunt,

358 1479 411 1540 sed
432 1490 533 1559 posteo
557 1490 688 1540 mutasse
709 1479 859 1540 scribendi
882 1479 1071 1552 sententium,
1086 1467 1175 1540 suaso
1190 1478 1391 1557 quorumdum

357 1582 537 1642 secularium
552 1580 709 1655 nobilium,
725 1599 762 1642 ne
782 1599 819 1642 ex
843 1581 888 1642 his
907 1580 1014 1641 litteris
1036 1580 1065 1639 in
1088 1589 1242 1660 posterum
1261 1580 1319 1641 sibi
1339 1591 1392 1642 out

234 1671 235 1674 ¹
275 1719 278 1724 -
357 1685 419 1744 suis
433 1683 553 1760 aliquod
568 1682 682 1760 grande
697 1681 869 1742 scandulum
884 1690 914 1742 et
929 1680 1093 1757 dampnum
1109 1680 1252 1757 subsequi
1272 1691 1373 1760 posset
1386 1699 1393 1740 :

357 1785 535 1844 consuluere
549 1782 607 1843 sibi
622 1794 656 1843 ut
670 1783 763 1863 magis
781 1782 874 1844 verbo
887 1799 921 1842 ea
937 1781 993 1842 diei
1010 1781 1104 1858 iegato
1124 1779 1279 1841 mandaret
1300 1797 1392 1858 quom

357 1883 464 1944 litteris
478 1882 635 1957 scriberet,
651 1901 688 1944 en
702 1901 789 1942 causo
801 1883 864 1961 jam
878 1881 966 1941 dieta.

354 2005 356 2010 ·
398 1985 560 2044 Transaoto
582 1983 673 2062 igitur
694 1982 914 2062 biduoquietis
935 2001 951 2041 o
974 1981 1051 2042 beilo
1077 1992 1111 2040 ut
1134 1981 1393 2057 supradiximus,

361 2084 534 2144 Leodicnses
551 2083 666 2162 insigne
681 2083 795 2144 focinus
809 2083 921 2157 adorti,
934 2099 1035 2162 regem
1057 2091 1087 2140 et
1107 2079 1213 2142 ducem
1235 2091 1289 2140 out
1309 2082 1393 2142 vivos

359 2202 466 2264 capere
477 2194 529 2243 out
540 2183 667 2243 aiterum
680 2183 849 2244 interficere
864 2201 981 2244 summo
996 2181 1202 2261 excogitarunt
1216 2180 1391 2257 calliditate;

358 2284 576 2363 conspicientes
587 2284 666 2344 cuim
680 2284 974 2345 totomerercitumo
988 2283 1064 2343 beiio
1075 2283 1238 2360 quiescere,
1246 2301 1280 2344 oc
1290 2301 1392 2364 regem

359 2403 427 2445 cum
443 2384 548 2444 docem
561 2382 611 2464 (i),
624 2385 790 2464 proximam
806 2383 906 2445 viiiom
921 2401 1009 2461 quam
1026 2395 1133 2444 vocant
1147 2384 1307 2445 Noubruer
1320 2384 1392 2446 ulios

359 2489 633 2548 Nove-Bresscnoc
654 2487 710 2566 (5),
732 2486 868 2564 passibus
891 2485 1010 2546 circiter
1034 2485 1205 2564 quingentis
1229 2505 1245 2545 a
1272 2487 1391 2546 civitote

358 2587 533 2661 distantem,
547 2587 636 2648 simol
657 2596 820 2660 morantes,
839 2587 916 2648 clam
935 2596 1020 2647 noctc
1040 2573 1149 2658 medio,
1168 2584 1320 2664 dispositis
1337 2587 1392 2648 tli-

390 2909 430 2973 (tt
446 2909 518 2960 Lisez
529 2910 575 2975 qui
586 2909 677 2960 docem
690 2914 751 2959 tuoe
763 2909 902 2960 visebant?

351 3043 354 3046 .
392 2995 429 3059 (i)
448 2996 519 3046 bisen
532 2997 607 3046 duco.

392 3081 428 3144 (ὅ)
445 3081 720 3133 Nouvelle-Brosserie.
733 3083 766 3132 be
777 3082 896 3132 souvcmr
908 3083 941 3132 de
952 3089 994 3132 cet
1005 3083 1114 3143 endroit,
1125 3084 1170 3147 qui
1181 3084 1266 3134 demit
1276 3096 1304 3135 sc
1317 3091 1390 3136 trou-

358 3180 403 3218 ver
412 3167 447 3217 du
459 3165 516 3218 cote
528 3167 560 3218 de
571 3167 770 3232 sa-walburge,
780 3174 819 3218 est
831 3168 996 3220 entibrement
1014 3170 1103 3232 perdo.
1118 3171 1195 3222 bouis
1212 3169 1243 3220 xt
1262 3177 1289 3222 et
1305 3171 1329 3222 ie
1339 3172 1391 3224 duc

357 3254 390 3304 de
402 3253 552 3317 bourgogoe
563 3253 659 3306 etaient
670 3255 766 3306 arrives
778 3255 803 3305 le
819 3256 850 3306 et
868 3268 902 3305 au
914 3256 1001 3316 motin,
1013 3265 1040 3306 et
1051 3257 1152 3307 avaient
1162 3255 1237 3308 ttabti
1251 3257 1306 3308 ieur
1316 3270 1391 3322 camp

358 3353 403 3406 sur
414 3341 437 3390 ia
455 3347 592 3406 monteque
603 3341 636 3392 de
649 3341 845 3404 ste-Walburgc,
866 3354 897 3393 eo
921 3355 969 3393 cue
988 3343 1020 3392 de
1039 3343 1062 3392 ia
1083 3331 1152 3394 cite}
1172 3360 1183 3390 c
1208 3341 1278 3394 Ferit
1301 3343 1392 3407 quinta

352 3420 399 3492 (ot
409 3427 531 3492 octobre),
546 3427 613 3478 circs
627 3417 734 3491 pomam
745 3429 841 3490 boram,
853 3429 922 3478 venit
933 3429 1050 3480 dominus
1062 3430 1113 3480 dux
1125 3441 1183 3480 cum
1201 3430 1261 3491 rege
1280 3430 1392 3482 quciae

351 3499 384 3565 ‘et
401 3525 493 3577 magno
512 3514 624 3565 exercitu
646 3514 713 3566 eires
724 3516 757 3566 ¹8.
774 3515 952 3580 Wolburgem3
977 3515 1201 3567 tum'bcodieoses
1219 3517 1392 3570 incenderunt

356 3600 441 3662 sicum
458 3599 484 3651 S.
506 3599 652 3662 Margaretae
664 3616 687 3649 s.
699 3600 817 3666 (booten,
838 3601 885 3652 coi.
907 3601 989 3662 teet.)
1006 3619 1017 3648 r
1036 3602 1116 3664 igitur
1131 3603 1233 3654 admoto
1251 3603 1284 3653 ad
1300 3603 1391 3654 orbem

356 3688 470 3738 exercitu
483 3686 603 3749 bipartito
614 3687 701 3750 copias
712 3688 812 3750 dividit,
823 3701 853 3738 ac
864 3689 928 3740 colle
939 3696 1064 3752 occupato
1075 3690 1118 3753 qui
1132 3691 1298 3754 Vatburgeosi
1309 3695 1391 3754 portae

356 3773 486 3836 proximus
498 3779 561 3836 erat,
573 3786 644 3823 suam
656 3780 683 3824 et
694 3774 763 3836 regis
775 3774 910 3826 stationem
921 3775 1009 3827 eodem
1020 3776 1045 3824 io
1060 3775 1115 3826 ioco
1126 3775 1268 3826 constituit.
1280 3775 1392 3828 Adnite-

355 3871 411 3908 ram
422 3865 509 3910 tutem
520 3872 550 3911 ac
560 3859 634 3922 louge
646 3859 773 3911 diversam
784 3861 894 3911 civitatis
907 3868 1017 3925 partem,
1035 3861 1178 3926 Pbiiiop'om
1191 3862 1389 3914 sabaudieosem

355 3959 414 3996 cum
427 3947 532 4011 reliquis
546 3948 633 3998 mittit.
645 3963 657 3994 t
669 3947 850 4010 (Procotontm,
864 3962 889 4012 p.
905 3947 971 4008 380.)
