3088 4926
75 539 77 543 ⁸
144 549 242 631 tiras)
258 551 384 609 marimo
402 568 526 608 numero
542 550 572 608 in
588 550 758 608 Arduenam
775 551 877 610 silvam
892 552 1002 611 civitati
1019 552 1189 630 proximam

154 651 274 724 latitari,
299 651 453 710 nocturnis
481 651 581 729 predis
608 661 637 710 et
665 649 857 710 clandestinis
889 652 990 731 spoliis
1019 653 1056 712 ad
1084 670 1189 712 corum

154 753 267 811 victum
288 751 488 810 necessarium
505 735 909 829 perquirendumsollicitos
924 770 957 809 ac
979 762 1012 811 ut
1034 751 1187 812 civitatem

85 836 87 839 ⁵
154 863 183 912 et
203 852 258 910 alia
278 851 387 930 oppida
409 851 502 909 inuris
516 849 628 908 nudata
643 850 851 928 ingrediantur
870 851 1010 922 intentos,
1035 851 1189 930 conspira-

155 953 236 1012 tione
258 970 325 1010 cum
351 951 452 1009 multis
475 949 569 1029 patrie
591 951 696 1010 incolis
717 951 800 1009 inita.
816 951 859 1008 Ad
882 968 956 1026 quos
970 951 1189 1030 perquirendos

154 1053 279 1112 diversis
300 1052 370 1111 locis
385 1052 624 1130 exploratoribus
645 1052 751 1121 missis,
767 1052 836 1111 licet
852 1052 890 1110 ob
910 1053 991 1112 silvae
1006 1052 1187 1113 densitatem

154 1162 183 1212 ct
200 1153 435 1230 magnitudinem
452 1170 511 1210 non
526 1153 673 1225 inventos,
689 1153 900 1212 canonicorum
917 1154 1044 1214 duorum
1061 1154 1187 1233 deputa-

155 1263 256 1313 torum
272 1254 308 1312 ad
323 1253 428 1312 ducem
440 1271 590 1312 recessum
606 1253 761 1330 paululum
777 1252 950 1313 retardavit

195 1356 300 1413 Sancte
321 1354 391 1428 (l)
384 1355 474 1432 igitur
498 1353 553 1413 bac
573 1353 798 1414 delliberatione
820 1374 912 1432 snper
933 1355 1122 1434 correptione
1143 1355 1188 1433 (ἓ)
1202 1355 1318 1460 ndvpntus
1357 1357 1448 1403 exutum

154 1455 264 1515 borum
280 1455 477 1532 capitulorum
497 1464 526 1516 et
547 1455 583 1514 dc
600 1456 748 1515 mictendo
765 1456 838 1514 duos
855 1457 1012 1517 canonicos
1028 1455 1186 1516 adducam
1230 1414 1259 1460 aa
1271 1413 1397 1464 civitatem

150 1555 235 1632 juxta
248 1557 389 1633 promissa
405 1553 461 1614 sibi
474 1554 568 1614 facta
560 1573 591 1612 rn
604 1555 742 1613 Bruxella
758 1573 812 1633 per
823 1555 952 1634 legatum
969 1567 997 1614 ct
1012 1556 1187 1634 episcopum

153 1655 346 1714 leodiensem
362 1653 425 1732 (qui
442 1651 501 1722 dux
519 1665 588 1712 tunc
609 1666 673 1713 erat
690 1655 720 1712 in
737 1655 885 1713 Piccardia
901 1674 969 1714 cnm
985 1674 1038 1715 suo
1054 1656 1189 1716 exercitu

153 1765 257 1814 contra
283 1753 446 1812 exercitum
472 1753 501 1812 d.
528 1755 709 1813 Francorum
736 1753 834 1831 regis),
856 1756 1031 1832 supervenit
1058 1755 1187 1819 turbatio

137 1839 280 1914 'maxima
307 1855 337 1912 in
361 1855 479 1913 civitate
505 1852 658 1914 Leodiensi
680 1855 728 1914 die
751 1874 829 1914 nono
852 1856 963 1914 mensis
988 1855 1184 1934 septembris,

152 1956 249 2034 legato
273 1956 419 2014 existente
441 1955 472 2012 in
495 1954 602 2034 Leodio
628 1974 683 2034 pro
706 1955 896 2033 expeditione
912 1957 1136 2032 premissorum,
1159 1965 1190 2015 ct

152 2057 274 2115 domino
298 2054 450 2114 leodiensi
469 2055 499 2114 in
526 2055 614 2134 opido
636 2075 690 2115 suo
716 2057 896 2134 Trajectensi
923 2076 991 2116 cum
1017 2057 1188 2116 cortisanis

152 2157 304 2217 nobilibus
329 2174 396 2215 cum
421 2156 530 2233 quibus
554 2157 724 2217 celebrabat
750 2171 843 2218 certas
865 2158 958 2218 dietas
986 2177 1068 2217 more
1092 2157 1189 2236 patrie

153 2275 209 2336 pro
235 2269 312 2316 statu
339 2257 465 2316 Ecclesie
497 2268 526 2315 et
558 2257 680 2317 dominii
713 2259 767 2316 sui.
802 2254 884 2318 Circa
917 2257 1073 2318 meridiem
1107 2261 1188 2318 enim

152 2355 219 2436 ejus
241 2354 298 2415 diei
313 2357 414 2416 exules
439 2357 615 2420 leodienses
643 2358 710 2416 lacti
739 2377 794 2436 per
819 2358 846 2416 d.
862 2359 969 2418 ducem
984 2359 1014 2418 in
1040 2362 1187 2418 sententia

152 2455 307 2533 praedicta,
320 2457 469 2534 quierant
483 2459 514 2516 in
527 2459 648 2517 Francia
661 2468 689 2517 et
704 2459 774 2518 locis
790 2459 1187 2538 circumvicinis,assumptis

150 2558 311 2634 capitaneis
321 2558 428 2617 illustri
440 2559 596 2618 Vincentio
609 2560 645 2618 de
657 2560 812 2636 Buren(5)‚
824 2560 942 2633 comite,
961 2572 990 2619 ct
1004 2561 1121 2620 loanne
1134 2560 1188 2621 der

152 2657 253 2719 Wildc
269 2659 320 2736 (l),
337 2659 428 2718 milite
449 2659 486 2718 dc
510 2659 645 2737 partibus
668 2661 775 2734 Gelrie‚
799 2661 926 2719 Cosuino
950 2662 987 2720 de
1009 2661 1126 2720 Stralcn
1142 2661 1186 2739 (5)

959 2805 1185 2818 ——ffl

186 2889 222 2948 (l)
240 2887 309 2935 Lisez
321 2884 429 2936 Stante?

187 2971 224 3035 (l)
240 2973 548 3036 Sic‚pourcorrectlonc?

184 3059 221 3122 (3)
237 3059 344 3108 Vincent
354 3058 386 3108 de
399 3061 504 3120 Bueren,
518 3058 555 3108 fils
567 3059 598 3109 de
610 3058 760 3120 Guillaume,
772 3060 822 3110 sire
840 3059 872 3109 de
890 3060 996 3118 bueron,
1008 3065 1035 3108 et
1052 3058 1186 3128 d'Ermcn-

150 3145 230 3208 garde
242 3145 274 3194 de
285 3145 375 3207 Lippa.

184 3231 222 3294 (l)
239 3233 272 3280 Ce
295 3244 353 3281 nom
375 3239 415 3280 est
431 3232 481 3281 mal
503 3231 588 3281 ecrit:
610 3231 646 3281 On
668 3239 728 3294 peut
744 3233 814 3282 aussi
831 3232 878 3281 lire
895 3233 925 3282 dc
943 3231 1053 3280 Riuildc.
1067 3231 1185 3294 lilleurs‚

152 3319 403 3382 Onorarusl'appelle
418 3320 533 3370 Dcrolld.
550 3320 667 3368 Purcrrrn
681 3336 711 3368 nc
725 3320 853 3368 Connrnns
870 3320 892 3369 le
908 3333 1008 3370 nomme
1025 3321 1056 3369 dc
1070 3319 1148 3382 thlc,
1161 3327 1186 3368 et

151 3397 324 3453 Currnrrntn
337 3405 424 3469 (Geato
434 3411 508 3468 pont.
517 3405 589 3468 leod,
598 3412 616 3454 t.
626 3405 656 3465 ll,
669 3419 692 3467 p.
704 3403 764 3466 ⁹269)
779 3404 936 3456 Villanuall
949 3405 1023 3467 s'agit
1035 3405 1067 3454 de
1080 3403 1141 3452 lean
1154 3403 1187 3453 de

150 3490 244 3550 Homo,
262 3490 300 3539 dit
315 3490 338 3540 le
357 3490 472 3552 Saurage
491 3491 531 3552 (en
547 3491 655 3540 flamand
672 3491 703 3539 de
728 3487 830 3554 Wildet,
848 3491 967 3553 seigneur
988 3489 1021 3540 de
1039 3489 1186 3539 llessenich.

151 3577 183 3625 tt.
193 3576 217 3626 le
226 3577 303 3626 baron
313 3576 345 3626 de
355 3576 470 3626 Cbestret
480 3591 493 3626 a
503 3577 622 3627 consecra
634 3577 647 3624 l
660 3589 688 3626 ce
699 3589 856 3640 personnage
866 3589 916 3626 une
925 3575 1091 3626 inte'ressante
1101 3575 1184 3624 notice

150 3661 215 3710 dans
227 3661 250 3711 le
262 3661 374 3712 fluitatio
388 3662 419 3711 dc
429 3660 553 3712 l’lnatltut
561 3661 759 3724 arcltcoloptque
770 3662 911 3730 lidpcoialt,
919 3661 986 3720 lllll,
996 3675 1019 3723 p.
1032 3663 1055 3710 5.

184 3747 221 3810 (5)
239 3749 287 3797 Les
299 3747 378 3798 freres
395 3748 523 3798 Eustache
541 3755 568 3798 et
585 3747 685 3797 Goswin
705 3747 736 3796 de
752 3747 842 3797 Stratie
861 3747 957 3796 e'taient
969 3747 1008 3796 fils
1021 3747 1083 3796 d'un
1094 3741 1185 3797 ancien

152 3835 329 3894 bourgmestre
342 3835 373 3884 de
386 3833 469 3896 Liege.
480 3833 550 3896 (Voy.
563 3833 584 3882 le
594 3831 696 3883 liecucll
707 3832 751 3882 des
760 3832 951 3896 bourpntcatrca
963 3831 1086 3896 dolicae,
1094 3845 1118 3894 p.
1129 3831 1186 3894 tte,

153 3927 179 3968 et
190 3920 212 3968 le
222 3921 339 3970 Bullatin
349 3921 379 3970 dc
392 3919 472 3970 l'lnst.
486 3920 598 3970 ercltcol.
610 3921 640 3970 do
651 3919 731 3983 diepa,
745 3925 764 3970 t.
774 3918 839 3979 lllll,
849 3933 873 3982 p.
886 3920 935 3982 ll.)
1010 3943 1012 3947 v
