3126 4906
601 454 613 540 (
644 439 754 543 asa)

157 587 278 662 ducem,
287 587 434 666 jussitque
451 608 469 645 o
485 595 518 645 ot
536 587 689 648 eumeliis
708 588 837 667 episcopi
858 594 1002 671 numptiis
1022 604 1052 656 et
1072 606 1103 654 ot
1125 596 1191 675 epi-

150 707 247 769 seopo
261 689 395 749 servieus
410 688 476 760 iret,
492 688 647 765 nullasque
662 707 693 748 se
708 689 821 750 litteras
833 691 945 754 hebere
957 693 1083 774 fingeret
1096 695 1191 758 donec

150 790 354 872 *personaliter
374 790 479 850 ducein
503 789 618 850 videret
632 791 763 867 'publice
789 793 1013 870 prodeuntem:
1035 816 1095 875 quo
1116 798 1190 870 viso,

151 893 212 954 sibi
227 890 264 952 ad
279 910 385 952 manus
402 891 514 951 litteras
531 890 662 952 traderet
676 911 710 966 »3
727 892 808 970 quod
823 905 852 954 et
866 894 1092 974 diligentissime
1110 896 1190 958 fecit.

156 995 268 1053 Harum
290 993 457 1051 littemrum
483 991 538 1052 hec
562 1001 626 1051 erat
651 996 796 1054 sententia
814 1013 821 1053 :
837 1015 854 1052 c<
877 995 1079 1058 illustrissime
1105 998 1191 1076 prin-

85 1080 88 1083 *
152 1094 174 1151 a
196 1109 277 1170 ceps,
291 1101 346 1151 etc.
358 1091 440 1150 Exivi
452 1091 601 1151 civitatem
615 1092 806 1153 Leodienscm
820 1094 926 1172 pridie,
934 1094 1019 1172 juxta
1032 1097 1189 1157 eonsilium

154 1215 173 1250 n
195 1192 269 1253 mihi
285 1193 406 1252 nomine
417 1192 608 1252 Celsitudinis
620 1204 670 1253 tue
683 1211 737 1270 per
747 1194 811 1272 ejus
824 1197 1016 1257 secretarium
1029 1198 1190 1277 Symonem

156 1293 272 1354 »delle
298 1293 464 1370 Korest(l)
496 1291 648 1367 traditum,
678 1312 737 1353 non
764 1295 829 1355 sine
857 1305 966 1375 magno
985 1297 1109 1372 labor'e3
1136 1316 1191 1359 nec

154 1417 172 1450 o
193 1412 261 1455 cum
285 1394 403 1453 minore
425 1393 526 1454 labore
551 1395 714 1472 optinuiut
729 1397 888 1475 episcopus
904 1397 1076 1462 leodiensis
1100 1399 1189 1460 etiem

154 1517 171 1552 a
193 1513 311 1556 meeum
327 1495 450 1554 veniret.
469 1496 542 1555 Cum
557 1503 691 1554 essemus
707 1496 795 1556 simul
811 1497 841 1556 in
857 1499 971 1578 eompis
982 1499 1037 1575 (ἓ),
1052 1509 1190 1562 servatus

154 1617 171 1652 a
194 1603 238 1656 est
253 1595 360 1655 modus
375 1613 429 1672 per
442 1594 471 1654 d.
486 1595 523 1654 de
538 1598 637 1674 Argue
652 1597 682 1654 in
703 1615 862 1674 personam
884 1617 980 1659 meam
1000 1608 1028 1658 et
1052 1617 1189 1660 meorum

155 1719 174 1752 -»
197 1695 268 1755 satis
285 1695 460 1774 nepharius,
475 1697 527 1773 qui
546 1697 676 1756 detinuit
693 1715 741 1756 me
759 1706 789 1758 et
808 1716 891 1758 meos
904 1701 941 1758 ad
958 1707 1008 1759 tue
1027 1699 1190 1760 voluntatis

153 1819 172 1852 -»
193 1797 364 1866 arbitrium,
386 1808 415 1856 et
437 1798 622 1857 nuncetiam
644 1797 715 1857 dicit
734 1817 781 1858 me
797 1817 886 1859 suum
900 1817 966 1859 esse
981 1801 1148 1878 captivum3
1164 1801 1189 1860 si

156 1920 173 1955 o
195 1898 251 1959 hec
270 1908 320 1959 tue
340 1899 527 1958 Celsitudinis
545 1899 631 1977 jussu
654 1899 729 1958 lacte
748 1911 833 1972 sunt,
848 1900 1049 1977 equanimiter
1069 1901 1188 1971 tollero;

155 2021 180 2055 »-
195 1999 241 2059 sin
257 2007 367 2071 eutem,
384 1998 549 2077 prudenter
565 2000 672 2079 cogitet
693 2001 843 2061 Celsitudo
858 2011 908 2060 tua
927 2001 1032 2077 quanti
1048 2000 1189 2079 ponderis

155 2120 172 2154 n
194 2098 250 2159 hee
264 2117 312 2158 res
327 2099 376 2170 sit,
388 2111 419 2158 et
434 2101 531 2158 taliter
548 2099 702 2177 provideat
716 2101 795 2177 quod
812 2101 911 2160 honor
925 2101 1086 2177 apostolice
1101 2102 1190 2177 sedis,

155 2221 171 2256 a
194 2200 253 2261 tuis
268 2199 310 2280 (5)
331 2211 361 2260 et
384 2219 467 2260 meus
490 2202 589 2262 salvus
611 2201 671 2261 liat.
688 2203 789 2262 Valeat
809 2201 961 2262 Celsitudo
984 2211 1044 2278 tue,
1067 2201 1136 2262 felix
1159 2212 1189 2263 et

155 2322 173 2356 »
195 2300 289 2360 victor
303 2311 405 2360 eontra
422 2300 566 2377 reprobos
582 2311 611 2360 et
627 2304 688 2361 Deo
704 2303 839 2376 rebelles,
855 2303 944 2384 salsis
960 2303 1102 2376 eeclesiis,
1116 2302 1189 2363 eivi-

155 2424 172 2458 n
195 2410 255 2462 tate
269 2412 299 2461 et
314 2401 450 2479 personis
466 2401 654 2463 insontibus!
671 2405 710 2462 Ex
728 2405 819 2472 loun,
833 2421 892 2463 xxv
907 2402 1048 2462 octobris.
1064 2421 1082 2460 >a
1137 2433 1141 2440 ·

195 2505 268 2563 Cum
281 2502 311 2562 hi
323 2521 428 2562 omnes
438 2505 514 2562 circa
531 2503 601 2564 solis
616 2522 751 2563 oceasum
766 2504 971 2564 discessissent
985 2502 1021 2562 ed
1037 2501 1145 2562 ducem
1157 2502 1187 2563 in

155 2603 222 2664 villa
235 2603 272 2664 de
284 2603 450 2664 Mommelia
463 2603 543 2684 (cum
558 2622 627 2684 rege
642 2616 808 2664 morantem
825 2616 856 2663 ut
871 2604 983 2665 dietum
996 2609 1062 2682 est),
1073 2603 1110 2663 ad
1121 2594 1188 2663 octo

153 2705 233 2765 milia
250 2683 401 2783 passuum,
424 2716 452 2765 et
467 2706 582 2784 legatus
596 2723 665 2765 eum
680 2707 789 2790 Berges
804 2714 833 2764 et
850 2706 952 2783 Piages
967 2723 1001 2764 ae
1022 2706 1110 2765 certis
1125 2704 1189 2766 aliis

154 2805 304 2866 nobilibus
319 2823 454 2866 seorsum
467 2825 499 2866 se
510 2807 705 2867 retraxissent
715 2807 751 2866 ad
764 2807 872 2886 ignem,
884 2806 980 2866 levem
991 2805 1187 2867 reiectionem

153 2907 540 2986 sumpturitadsuntprima
550 2907 647 2986 vigilia
658 2920 822 2968 castrorum
836 2907 970 2980 excubie,
982 2907 1188 2984 numptientcs

153 3029 170 3065 a
185 3007 312 3068 exivisse
325 3008 422 3086 primo
433 3008 528 3084 noctis
543 3010 719 3086 crepusculo
735 3009 882 3069 civitatem
898 3007 1089 3068 leodiensem
1104 3005 1187 3084 pedi·

152 3119 216 3169 tum
228 3109 346 3169 circiter
357 3117 423 3170 octo
437 3109 528 3184 milia,
540 3109 666 3170 adverso
676 3109 802 3170 flumine
815 3112 904 3182 Mose,
915 3110 953 3170 ad
964 3108 1089 3187 opidum
1100 3109 1187 3185 lluyo

151 3210 349 3290 procedentes
364 3230 397 3281 »3
414 3229 473 3288 quo
490 3211 630 3289 numptio
645 3212 747 3285 allato,
765 3221 796 3270 et
816 3211 912 3270 missis
931 3209 996 3270 aliis
1017 3207 1131 3287 nuptiis
1145 3205 1187 3287 (l)

150 3311 187 3372 ed
201 3329 307 3372 omues
320 3307 486 3373 castrorum
503 3311 603 3388 duces,
619 3313 779 3372 universus
795 3311 942 3374 exercitus
963 3317 1119 3370 conmotus
1141 3318 1186 3368 est

150 3413 232 3474 etad
246 3433 328 3474 erma
341 3415 439 3492 parari
450 3415 559 3493 jussus,
575 3417 659 3474 Tune
675 3415 788 3494 legatus
798 3414 835 3472 ad
848 3415 954 3492 Bergcs
967 3421 995 3473 et
1006 3431 1057 3471 eos
1070 3404 1185 3482 nobiles

183 3675 221 3740 (l)
237 3675 322 3726 Simon
335 3677 366 3726 de
379 3676 403 3726 le
415 3678 526 3728 llerrest.
538 3677 578 3728 (ll.
591 3677 727 3743 ei-dcssus
740 3691 802 3741 pago
817 3679 872 3740 loe,
885 3683 953 3727 note.

181 3763 218 3826 (2)
238 3763 427 3826 lisezeompt'e.

179 3849 217 3914 (ὅ)
234 3839 304 3900 lisca
317 3853 386 3900 tuus.

182 3935 220 4000 (l)
237 3938 285 3988 Sie.
298 3936 371 3986 Lisez
382 3939 512 3999 numptiia
526 3951 590 4001 pour
602 3937 711 3988 nasotiie.

234 4028 298 4080 usu.
324 4040 473 4082 causatus.
