3126 4906
594 429 746 527 (aar)

153 591 172 629 n
194 569 267 630 certi
282 589 346 630 csse
356 580 499 649 poterunt
513 589 544 630 se
560 571 681 629 minime
697 569 760 629 iore
776 570 893 632 delusos
905 591 973 632 cum
988 577 1181 654 cognoverint

153 694 172 729 n
193 691 248 732 nos
268 672 327 731 illic
346 689 422 745 csse;
440 683 491 731 atat
505 672 528 732 si
544 690 664 731 manere
677 670 727 731 bic
744 671 845 746 mavis,
862 691 916 751 ego
930 673 1057 752 Trajecti
1072 695 1139 746 ero;
1156 677 1181 737 si

153 793 171 831 n
192 772 264 851 quid
275 791 366 852 opera
379 791 442 831 mea
455 791 530 850 opus
542 771 643 846 luerit,
650 771 694 831 vel
707 773 866 832 accersitus
879 773 994 834 veniam
1006 795 1033 834 n.
1043 779 1078 836 Et
1089 775 1179 836 simul

151 879 199 939 bis
216 879 312 953 dictis,
325 877 414 956 jussit
435 879 624 936 Tilmannum
644 877 818 937 familiarem
830 877 871 958 (l)
888 880 1048 958 precedere
1063 892 1093 942 et
1107 883 1180 942 alios

150 998 220 1038 suos
248 995 284 1038 se·
305 980 398 1055 sequi.
426 977 584 1038 Incedebat
607 979 721 1057 legatus
748 977 829 1038 solus
853 997 920 1039 cum
943 965 1016 1056 suis,
1039 981 1179 1062 episeopo

144 1081 248 1142 'adbuc
269 1081 465 1150 subsistente;
480 1081 531 1140 sed
548 1081 634 1159 paulo
651 1088 728 1157 post,
742 1080 921 1140 verecundia
939 1089 1047 1155 motus,
1063 1083 1179 1161 episco-

88 1201 90 1206 ’
150 1201 207 1262 pus
218 1202 285 1242 cum
298 1183 358 1242 suis
370 1182 498 1259 legatum
510 1191 654 1258 sequutus
662 1190 715 1241 est.
725 1183 798 1240 Cum
810 1182 898 1241 simul
911 1183 1058 1260 progressi
1067 1192 1178 1259 essent,

150 1285 238 1364 paulo
251 1285 319 1360 plus
331 1283 410 1342 mille
428 1301 530 1360 passus
544 1285 740 1342 occurrerunt
755 1283 785 1342 in
805 1282 909 1343 mediis
924 1284 1036 1364 campis
1051 1294 1081 1344 et
1096 1295 1178 1345 tenc·

149 1387 211 1448 bris
226 1387 327 1446 decem
348 1398 399 1445 aut
415 1367 571 1444 duodecim
586 1383 632 1460 (ut
646 1383 740 1444 videri
762 1383 910 1462 poterant)
924 1386 1030 1444 armati
1051 1385 1179 1462 equites,

148 1487 258 1546 lanceis
272 1497 302 1544 et
320 1485 411 1544 tensis
427 1483 539 1544 balistis
555 1484 672 1554 muniti,
688 1494 798 1543 etcum
815 1483 871 1558 bis,
886 1502 965 1543 unus
981 1503 1017 1543 cx
1032 1484 1177 1561 numptiis

149 1607 203 1668 per
224 1605 278 1646 nos
300 1587 417 1645 missis:
437 1585 487 1661 qui
511 1585 613 1644 audito
634 1603 781 1665 equorum
807 1594 978 1643 nostrorum
1002 1583 1121 1645 hinnitu
1149 1594 1178 1646 et

147 1701 262 1770 gressu,
285 1689 478 1750 excubiarum
501 1706 584 1748 more
608 1691 727 1766 signum
755 1697 784 1747 ct
809 1705 919 1747 nomen
945 1696 1089 1766 petentes,
1109 1707 1176 1747 cum

148 1791 243 1851 nostri
257 1790 338 1850 aliud
352 1808 461 1848 nomen
477 1797 529 1848 aut
543 1791 661 1866 signum
676 1788 865 1866 ignorarent,
880 1787 1083 1846 acclamarunt
1099 1787 1178 1864 lego·
1221 1777 1223 1783 ’

148 1902 213 1953 tum
235 1911 311 1971 pape
326 1895 361 1950 et
382 1891 556 1969 episcopum
571 1890 779 1964 Leodiensem3
800 1900 870 1949 tunc
889 1891 1179 1972 appropinquantes,
1216 1893 1218 1898 ’

147 1995 274 2053 salutato
289 1993 425 2070 episcopo
446 1992 529 2072 prius
546 1977 662 2068 gallice,
679 2002 708 2050 ct
722 1989 843 2049 demum
858 1988 1179 2068 legato,deduxerunt

148 2112 202 2154 nos
224 2093 254 2152 in
278 2092 443 2172 proximam
464 2090 563 2150 villam
586 2109 674 2167 quam
697 2098 804 2150 vocant
825 2090 905 2163 Elch,
926 2092 997 2150 alias
1015 2089 1110 2170 Othey
1126 2093 1177 2168 (⁶2),

147 2193 184 2254 ad
214 2212 301 2270 quam
331 2211 366 2252 eo
391 2192 438 2252 dic
466 2189 649 2250 advenerant
676 2201 706 2250 ct
734 2209 801 2250 cum
832 2191 894 2250 suis
922 2191 1063 2270 gentibus
1092 2203 1177 2252 erant

146 2295 344 2356 castrametati
358 2297 417 2352 duo
431 2293 564 2374 germani
580 2291 687 2352 iratres
703 2291 817 2352 nobiles
834 2293 929 2351 vocati
945 2292 982 2352 de
999 2292 1113 2352 Victem
1125 2292 1178 2373 (5),
1261 2347 1262 2352 ,

147 2396 304 2456 Fedcricus
315 2392 359 2474 (l)
373 2405 404 2453 et
417 2396 580 2466 varnerus,
591 2413 627 2454 cx
642 2412 745 2456 sorore
760 2402 884 2472 nepotes
898 2393 1024 2453 illustris
1039 2394 1176 2453 Varuerii
1257 2395 1258 2398 ’

146 2498 183 2557 de
205 2498 320 2567 Palant,
339 2496 484 2572 Aquensis
510 2495 652 2572 prepositi
669 2495 722 2574 (5),
745 2494 882 2573 episcopo
909 2493 1064 2553 leodiensi
1090 2493 1177 2552 lanai-

145 2598 234 2657 liares
255 2604 285 2656 et
308 2597 404 2674 legato
432 2595 502 2654 satis
530 2596 607 2668 noti3
628 2595 680 2671 qui
704 2613 771 2654 cum
797 2593 926 2673 legatum
948 2603 979 2654 et
1003 2595 1174 2675 episcopum

146 2720 206 2760 una
218 2719 285 2759 cum
298 2699 502 2760 leodiensium
518 2699 625 2778 legatis
634 2706 802 2771 cernerent,
814 2707 914 2757 mente
926 2697 1038 2775 stupidi
1050 2716 1081 2758 se
1093 2699 1177 2776 signo

146 2801 243 2861 crucis
257 2799 423 2878 signabant,
438 2798 580 2858 mirantes
595 2816 654 2875 quo
666 2809 751 2877 pacto
768 2799 930 2859 incolumes
945 2798 1063 2859 adeum
1079 2800 1176 2859 locum

147 2901 308 2972 venissent,
321 2919 388 2959 eum
405 2899 532 2960 tirmiter
548 2907 692 2959 statutum
712 2900 791 2958 inter
808 2916 912 2958 omnes
926 2899 1015 2960 duces
1030 2901 1177 2960 exercitus

147 3013 176 3062 et
190 3005 221 3061 in
235 3002 338 3062 castris
353 3010 441 3073 esset,
455 3010 520 3079 post
535 2999 695 3078 pristinum
713 3018 781 3059 cum
797 2999 1007 3066 leodiensibus
1025 3010 1175 3079 peractum

147 3103 268 3176 bellum,
283 3099 386 3163 omnes
407 3120 481 3178 quos
502 3122 519 3162 e
540 3102 656 3164 civitate
678 3102 831 3162 venientes
852 3103 1070 3182 conspicerent,
1095 3102 1177 3162 nullo

177 3427 212 3488 (1)
229 3425 263 3474 Ge
276 3431 337 3484 mot,
349 3423 434 3486 ajoute
445 3423 518 3486 apres
529 3435 602 3486 coep,
614 3428 653 3474 est
665 3424 787 3475 douteux.

177 3499 215 3577 (2)
233 3511 312 3562 Otbee
324 3515 366 3572 (en
377 3510 484 3560 demand
497 3509 579 3574 Eion),
591 3511 605 3560 a
617 3525 668 3561 unc
679 3510 828 3560 demi-liene
840 3511 872 3562 de
883 3510 1074 3566 llhcndremael.

177 3599 215 3661 (ὅ)
233 3597 361 3648 Wittbem.
374 3593 432 3646 Voir
444 3597 480 3646 les
492 3596 607 3647 areblves
619 3595 783 3660 he'raldiques
795 3597 827 3646 de
838 3597 874 3646 Le
887 3597 955 3648 Fort.

179 3684 216 3750 (4)
235 3685 283 3737 Sic.
726 3721 728 3724 .

179 3773 214 3836 (5)
232 3773 261 3822 Je
280 3779 368 3821 trouve
385 3770 449 3820 dans
467 3784 497 3819 ne
515 3769 615 3827 Tueux,
633 3776 700 3819 tome
720 3769 753 3828 ll,
771 3782 835 3832 page
852 3769 913 3829 209,
933 3768 1035 3826 darier,
1051 3770 1129 3820 baron
1147 3769 1179 3820 de

147 3858 253 3924 Pallant,
264 3857 421 3921 vice-prerbt
433 3857 512 3916 dbia,
525 3857 568 3919 qui
582 3857 649 3906 avait
661 3869 694 3906 un
704 3855 771 3906 frere
785 3855 819 3906 du
832 3869 890 3905 nom
901 3855 933 3906 de
943 3855 1058 3906 Wcrner.
1069 3857 1087 3906 ll
1101 3856 1178 3919 deity

149 3947 220 3997 avoir
230 3958 319 3996 erreur
331 3945 362 3994 dc
373 3945 397 3994 la
410 3951 465 4008 part
476 3942 630 3994 d'0nufrius.
806 3928 808 3932 ’
