3088 4926
401 569 411 594 ι
436 541 477 600 ad
493 541 582 599 alium
600 559 670 599 vero
687 550 842 617 punctum,
857 541 893 601 de
908 542 1144 620 sequestratione
1164 541 1286 600 exulum
1308 541 1384 600 ultra

356 647 477 708 Mosam,
489 651 579 722 prout
592 642 674 720 prius
685 643 871 716 obtulerant,
886 653 1095 722 acceptarunt;
1110 645 1147 703 de
1162 643 1384 723 gravaminibus

280 769 287 780 ¹
355 747 400 825 (ut
413 743 543 823 aiebant)
557 743 816 817 intollerabilibus,
833 757 928 807 tacere
943 766 1002 807 non
1016 755 1170 824 poterant;
1185 745 1222 804 de
1236 743 1384 804 sexdecim

357 839 412 905 illis
427 845 540 904 civibus
563 864 621 903 non
642 845 830 917 reducendis,
846 827 878 905 se
899 848 976 906 nolle
995 846 1089 926 legem
1111 847 1264 926 episeopo,
1281 863 1384 905 eorum

357 947 491 1021 domino,
518 948 686 1024 imponere,
709 944 759 1005 sod
784 948 940 1006 consulere
961 947 996 1006 ad
1019 946 1200 1007 obviandum
1226 945 1386 1019 scandalis,

357 1048 497 1127 quoniam
521 1047 622 1124 plures
644 1046 775 1108 sciebant
797 1045 827 1106 in
851 1048 968 1108 civitate
990 1047 1054 1107 lore
1076 1066 1204 1124 quorum
1230 1044 1387 1106 necessarii

358 1148 502 1209 etaffines
518 1166 572 1224 per
586 1146 652 1206 illos
668 1147 787 1206 lucrant
801 1160 897 1207 morte
913 1147 953 1228 (l)
969 1147 1079 1223 traditi,
1095 1149 1146 1225 qui
1162 1147 1251 1208 etiam
1267 1147 1290 1207 si
1306 1157 1388 1206 certo

359 1250 467 1308 scirent
484 1247 561 1307 illico
576 1265 606 1306 se
622 1246 767 1324 supplicio
782 1247 952 1307 afficiendos
964 1247 1038 1323 lore,
1051 1267 1111 1307 non
1124 1247 1303 1308 desisterent
1314 1247 1387 1324 quin

336 1420 339 1428 Ι
360 1350 425 1409 data
441 1347 644 1427 oportunitate
661 1347 723 1406 illos
740 1348 785 1406 vel
801 1366 905 1407 eorum
920 1349 1045 1408 alterum
1059 1348 1273 1408 interficerent,
1287 1351 1390 1425 ltaque

359 1469 390 1510 se
405 1450 471 1507 illos
486 1447 603 1529 publice
618 1466 788 1507 assecurare
805 1447 935 1526 polliciti,
954 1449 1093 1526 privatim
1108 1458 1207 1508 atrtcm
1223 1468 1259 1508 ex
1275 1449 1391 1508 ratione

357 1553 417 1631 jam
446 1550 520 1610 dicta
540 1550 722 1628 impossibile
741 1550 804 1611 lere
822 1552 930 1626 (lg-at
950 1569 987 1608 nc
1007 1550 1166 1610 videantur
1189 1549 1310 1610 domino
1338 1570 1392 1610 suo

270 1717 271 1721 ,
361 1655 457 1731 legem
472 1652 641 1730 imponere,
659 1668 713 1709 suo
733 1650 858 1710 arbitrio
877 1649 933 1710 hoc
950 1650 1137 1727 relinquere3
1152 1652 1278 1709 suasisse
1292 1659 1391 1710 autem

363 1753 441 1833 quod
457 1751 563 1810 melius
575 1751 617 1810 eis
629 1750 726 1810 visum
740 1762 792 1810 est.
807 1773 824 1807 u
840 1753 909 1810 Erat
920 1749 1054 1810 omnium
1068 1751 1225 1825 sententia,
1240 1752 1392 1810 seniorum

365 1868 394 1914 ct
407 1867 524 1934 patrum
539 1855 674 1927 Reclusis,
688 1863 720 1912 ut
731 1855 888 1932 episcopus
900 1852 954 1912 hos
969 1872 1021 1929 pro
1036 1853 1156 1912 nuncin
1169 1853 1320 1912 civitatem
1332 1872 1394 1913 non

364 1957 531 2030 reduceret,
548 1965 638 2034 prout
652 1955 723 2014 alias
738 1955 862 2014 illustris
883 1955 965 2014 ducis
986 1955 1158 2033 Burgundio
1173 1955 1316 2034 juditium
1338 1956 1397 2016 luit

366 2070 393 2117 et
406 2059 466 2116 suis
478 2057 583 2116 litteris
597 2058 692 2115 visum
706 2065 759 2130 est,
772 2075 810 2114 ne
822 2057 936 2134 privata
949 2057 1064 2116 affectio
1081 2056 1199 2135 publico
1216 2057 1294 2117 bono
1309 2067 1396 2117 antc-

367 2169 539 2238 poneretur,
550 2157 686 2234 hancque
697 2156 767 2215 alias
780 2157 871 2216 luisse
883 2157 1002 2218 aiebant
1014 2157 1126 2217 dissidii
1139 2177 1257 2218 causam
1270 2159 1300 2217 in
1313 2159 1397 2238 prio-

367 2259 452 2318 ribus
468 2259 576 2338 preliis

112 2361 357 2480 lltgstigptgggsssetolgffi·
409 2362 505 2421 Exivit
523 2361 632 2420 iterum
653 2360 778 2437 legatos,
799 2371 958 2419 convocato
974 2359 1110 2437 episcopo
1126 2368 1155 2418 et
1170 2359 1231 2418 suis
1246 2359 1283 2418 ad
1298 2362 1397 2418 locum

370 2475 506 2524 vocatum
529 2463 615 2521 Leers
630 2461 682 2542 (5),
698 2461 784 2520 lossis
806 2470 835 2520 et
857 2461 941 2538 aquis
965 2463 1123 2534 munitum,
1145 2479 1240 2539 prope
1261 2462 1399 2539 Tongris,

369 2565 496 2624 suadens
516 2563 543 2622 ci
562 2582 596 2622 ex
617 2563 751 2622 omnium
772 2562 924 2621 seniorum
945 2571 974 2620 et
994 2573 1113 2640 patrum
1133 2562 1259 2622 Ecclesie
1278 2565 1399 2623 comuni

370 2666 516 2726 sententia
531 2676 561 2724 et
575 2665 801 2745 supplicatione,
817 2681 871 2741 pro
887 2664 1010 2722 civitatis
1026 2674 1054 2722 ct
1070 2663 1164 2740 patrie
1179 2663 1283 2735 salute,
1299 2673 1333 2723 ut
1347 2664 1400 2724 has

369 2768 553 2827 conditiones
573 2763 733 2844 acciperet,
755 2765 903 2824 civitatem
927 2775 959 2824 ut
981 2772 1081 2841 pastor
1100 2765 1239 2838 intraret,
1259 2769 1401 2843 quoniam

369 2888 439 2950 ores
459 2868 623 2941 inveniret,
644 2885 704 2926 non
726 2877 760 2924 ut
782 2867 909 2939 invasor,
926 2885 963 2924 ne
980 2877 1107 2925 terreret
1127 2876 1179 2925 aut
1198 2866 1333 2926 irritaret
1353 2887 1403 2927 eos

370 2989 444 3046 quos
459 2969 495 3028 ad
511 2987 594 3028 suam
611 2969 794 3027 voluntatem
810 2965 921 3026 habere
940 2977 1047 3045 posset.
1063 2969 1210 3047 Repertus
1225 2978 1270 3028 cst
1284 2969 1400 3047 episco-

371 3088 426 3146 pus
448 3069 552 3127 durior
572 3068 672 3141 solito,
692 3067 730 3127 ob
750 3085 838 3142 quam
858 3065 955 3126 adhuc
976 3067 1163 3128 nesciebatur
1177 3087 1310 3142 causam;
1326 3069 1400 3146 quin

370 3171 443 3240 imo,
465 3167 661 3233 existentibus
680 3167 775 3245 legato
800 3175 828 3225 et
853 3166 992 3246 episeopo
1018 3169 1095 3228 intra
1121 3187 1217 3229 arcem
1244 3189 1312 3230 cum
1338 3171 1401 3230 suis

371 3267 546 3328 consiliariis
568 3269 597 3328 in
619 3268 771 3328 secretiori
793 3269 963 3345 conloquio,
985 3283 1088 3347 gentes
1107 3271 1237 3349 episcopi
1253 3271 1401 3332 civitatem

371 3389 502 3451 egresse,
525 3369 638 3443 civibus
660 3385 779 3447 quoque
798 3369 1002 3448 inruptionem
1027 3371 1223 3431 iacientibus:
1248 3372 1321 3431 inito
1342 3371 1403 3431 levi

374 3471 476 3551 praelio
498 3479 528 3530 et
549 3471 649 3548 paucis
664 3470 734 3531 hinc
750 3469 818 3530 inde
833 3470 946 3544 occisis,
961 3480 1064 3549 gentes
1080 3473 1208 3551 episcopi
1230 3483 1310 3550 terga
1330 3472 1405 3533 dare

407 3739 443 3800 (t)
462 3737 534 3786 bisen
548 3739 631 3789 naortr'.

409 3823 444 3887 (ὑὶ)
463 3824 534 3874 Lisez
544 3825 617 3888 sore..

409 3914 445 3975 (5)
460 3911 538 3971 Liers,
550 3910 641 3972 village
652 3910 666 3959 'a
679 3909 694 3959 6
706 3909 851 3960 litometres
863 3910 894 3959 de
907 3909 991 3971 tiege.
