3126 4906
599 451 753 547 (155)

160 590 282 650 demum
292 606 361 650 vero
373 589 471 649 statim
484 597 549 666 post
560 588 687 648 civitatis
700 590 822 664 exitum,
832 590 906 650 duos
918 592 1082 653 successive
1093 593 1191 654 heral-

160 693 214 753 dos
229 693 265 752 ad
279 701 373 752 castra
390 689 562 762 marescalli,
578 701 683 749 notum
702 691 728 748 ei
748 690 858 750 iaciens
878 705 1014 752 nostrum
1035 714 1051 755 e
1073 695 1191 757 civitete
1233 684 1235 690 '

159 795 320 854 discessum
341 802 370 851 et
389 809 538 866 accessum
564 790 600 850 ad
627 792 719 868 ipsos,
740 800 832 868 utque
850 794 964 870 aliquos
986 795 1100 864 nobiles
1121 812 1189 857 cum

161 895 262 974 paucis
277 895 399 954 armatis
414 895 572 969 securitate
589 893 691 953 obvias
705 891 746 972 (l)
760 894 909 970 mictcret‚
926 897 1054 975 legatum
1076 907 1106 956 et
1126 899 1189 977 epi-

159 1015 283 1076 scopum
296 996 615 1075 subscepturos.Nullo
626 995 719 1075 igitur
729 995 874 1057 redeunte
886 1016 941 1057 nec
952 998 1051 1076 aliquo
1062 1010 1190 1062 exeunte

157 1097 286 1171 obviam,
302 1097 444 1177 paulatim
461 1096 666 1174 procedentes,
683 1097 745 1174 jam
761 1099 1042 1175 supervenientibus
1058 1100 1190 1168 tenebris.

158 1198 263 1268 noctis,
279 1197 476 1258 mirabundus
497 1198 654 1276 episcopus
677 1197 799 1258 tertium
821 1199 991 1276 numptium
1012 1200 1187 1262 familiarem

157 1317 247 1358 suum
269 1300 408 1359 indutum
427 1298 542 1359 heraldi
565 1297 697 1358 vestibus
712 1299 801 1370 misit,
816 1299 940 1376 ipseque
958 1300 1073 1360 beraldi
1091 1311 1188 1364 vestes

157 1398 256 1458 induit
267 1399 448 1459 Francorum
460 1397 682 1477 liliis'depictes,
693 1399 790 1477 patrio
807 1418 900 1472 more3
917 1402 967 1476 qui
980 1403 1067 1461 etiam
1083 1404 1188 1463 tertius

157 1501 323 1580 numptius,
339 1500 407 1559 licet
421 1499 458 1559 ad
473 1499 578 1559 horam
600 1511 785 1579 expectatus,
803 1501 926 1560 minime
941 1501 978 1560 ed
993 1522 1047 1562 nos
1062 1503 1187 1564 redibel.

157 1604 242 1661 Tunc
257 1601 370 1680 legatus
386 1600 422 1660 ad
438 1601 612 1680 episcopum
627 1618 791 1680 parumper
805 1613 979 1661 conmotus:
997 1624 1014 1660 c
1030 1604 1188 1681 Quidnam,

158 1726 175 1761 n
198 1704 306 1781 inquit,
328 1704 376 1762 bic
396 1703 529 1782 agimus?
553 1704 618 1762 lam
644 1701 766 1762 tenebre
791 1712 862 1761 sunt
887 1713 917 1779 et
942 1712 1060 1782 tempus
1085 1718 1130 1766 est
1156 1717 1189 1767 ul

158 1826 174 1860 >r
197 1803 322 1863 excubie
336 1804 484 1863 exercitus
499 1813 615 1876 exeant,
631 1811 665 1861 ul
679 1802 770 1863 moris
787 1814 840 1873 est,
855 1804 892 1862 ad
909 1808 1051 1864 terminos
1068 1815 1097 1865 et
1112 1806 1188 1866 fines

157 1927 175 1961 »
198 1912 364 1964 castrorum
375 1903 585 1963 custodiendos
591 1924 599 1978 3
613 1904 637 1962 si
648 1903 821 1964 intenebris
833 1904 1187 1986 nobisoccurrant,signo

158 2026 187 2076 n,
197 2022 301 2064 corum
319 2003 403 2064 nobis
416 2007 527 2082 ignoto,
541 2003 648 2062 lanceis
663 2011 693 2062 et
705 2005 838 2082 sagyptis
849 2023 903 2063 nos
920 2009 1016 2082 primo
1032 2007 1186 2083 impetent,

157 2127 174 2161 n
197 2103 298 2183 hostes
324 2114 462 2184 putantes
482 2104 506 2163 si
529 2104 566 2163 ad
588 2104 706 2163 nomina
730 2122 834 2163 eorum
857 2104 902 2164 vel
925 2106 1006 2182 signa
1027 2106 1104 2165 illico
1125 2125 1185 2168 non

157 2227 174 2261 n
196 2207 451 2284 responderimus.
472 2226 490 2262 >r
509 2204 740 2265 Obrnutesoebat
762 2205 934 2284 episcopus,
957 2208 1057 2266 animo
1079 2206 1185 2282 tristis,

156 2305 229 2366 nibil
254 2307 440 2384 respondens
465 2306 549 2367 nisi:
573 2327 590 2362 t<
618 2305 709 2365 Valde
738 2306 844 2380 miror,
868 2315 899 2365 et
922 2307 1027 2384 aliquis
1052 2308 1186 2387 proiecto

157 2429 174 2464 ›>
196 2409 337 2468 veniet».
354 2410 478 2466 lneensa
498 2415 562 2467 eret
582 2407 612 2464 in
630 2407 765 2483 proximo
780 2407 816 2465 ed
832 2407 912 2466 mille
933 2427 1036 2485 passus
1051 2417 1081 2467 et
1095 2409 1186 2470 vehe-

156 2518 273 2569 menter
287 2508 411 2569 ardebat
423 2508 547 2587 insignis
564 2507 631 2566 villa
643 2507 842 2567 ducentorum
854 2508 917 2566 iere
929 2507 1086 2568 domorum
1098 2528 1186 2586 quam

155 2622 262 2669 vocant
276 2608 477 2669 Sebindelmol
488 2608 540 2688 (ᾖ),
555 2607 592 2666 ad
608 2607 693 2686 cujus
709 2609 867 2666 eminentis
882 2607 1003 2671 flemme
1018 2611 1118 2669 lumen
1134 2629 1187 2670 nos

154 2711 281 2769 invicem
305 2708 418 2782 videre,
439 2727 499 2768 non
523 2717 623 2767 tamen
645 2708 734 2785 clare,
754 2707 810 2766 nisi
828 2706 864 2767 ad
888 2727 990 2769 vocem
1013 2719 1188 2788 cognoscere

155 2820 338 2890 poteramus.
355 2810 503 2870 Suadebat
517 2809 630 2888 legatus
645 2821 678 2868 ut
695 2810 762 2868 ville
780 2811 1092 2889 appropinquaremus
1107 2823 1150 2884 ut,
1164 2813 1187 2872 si

155 2911 245 2988 aliqui
271 2911 510 2990 supervenirent,
535 2909 615 2988 ipsos
644 2927 822 2988 cognoscere
848 2920 877 2968 et
901 2910 939 2970 ab
964 2911 1010 2970 his
1034 2929 1188 2988 possemus

155 3013 302 3091 cognosci,
329 3023 358 3072 et
383 3013 407 3073 si
436 3013 510 3073 nulli
538 3022 743 3084 occurrerent,
767 3011 808 3070 ibi
832 3013 930 3072 saltim
956 3012 1188 3094 transigeremus

156 3113 308 3174 residuum
327 3125 427 3180 noctes
445 3114 486 3194 (5)
506 3131 601 3190 usque
621 3113 656 3174 ad
679 3113 785 3185 lucem,
811 3113 867 3187 vel,
891 3113 916 3172 si
937 3114 1030 3193 magis
1049 3115 1188 3193 placeret,

157 3217 335 3294 precedente
346 3217 445 3293 aliquo
457 3215 571 3275 viarum
586 3216 693 3292 perito,
705 3224 877 3293 peteremus
891 3214 1069 3291 Traiectum.
1082 3215 1189 3276 Obam·

155 3315 277 3377 bulabat
287 3320 445 3396 episcopus
457 3317 534 3376 tristi
546 3316 641 3392 vultu,
653 3334 721 3376 cum
733 3315 794 3375 suis
806 3315 974 3376 domesticis
987 3317 1075 3376 modo
1086 3317 1188 3396 gallice

156 3417 244 3478 modo
257 3418 426 3496 germanice
445 3419 637 3494 conloquens,
653 3429 683 3476 et
699 3416 772 3476 nihil
793 3416 874 3476 aliud
889 3416 984 3494 legato
1003 3417 1187 3496 respondeus
1267 3497 1269 3500 Ι

50 3547 60 3558 ,.
157 3519 212 3578 nisi
228 3539 234 3579 :
251 3542 269 3576 c
292 3505 583 3599 rlppropinquemus¹
598 3518 716 3579 ardenti
737 3519 805 3578 ville
825 3530 855 3578 et
876 3528 1065 3598 expectemus
1089 3518 1186 3580 adbuc

187 3807 224 3872 (l)
243 3806 314 3856 Lisez
325 3805 463 3856 securitati
473 3803 569 3855 obvios.

185 3893 223 3960 (ἢ)
239 3894 419 3946 llheudremael
433 3887 565 3954 (autrefois
577 3889 779 3952 Slterrdremale),
791 3898 862 3941 entre
876 3891 964 3940 Lantin
976 3898 1001 3942 et
1014 3890 1101 3941 Othe'e.

188 3983 225 4048 (ὅ)
243 3982 315 4032 Lisez
328 3981 418 4031 noctis.
