3088 4926
831 444 985 540 (tau)

389 588 446 648 dus
460 588 611 667 abnegans
625 597 760 648 sanctum
775 584 918 646 iacobum
941 594 970 646 et
991 585 1018 645 ei
1040 563 1230 659 maledicens,
1251 588 1332 666 ipsos
1354 608 1419 649 eum

389 689 472 750 sotiis
481 689 564 750 abire
576 687 711 767 promisit
722 685 775 766 (l),
787 687 968 748 denuntians
980 687 1021 747 eis
1033 686 1113 764 quod
1127 689 1150 747 si
1166 689 1276 749 iterum
1291 689 1322 748 in
1338 708 1420 752 suam
1526 711 1527 738 t

390 799 567 872 potestatem
583 790 769 864 devenirent,
785 808 835 851 eos
850 807 905 868 per
917 799 1039 869 guttura
1054 791 1196 870 suspendi
1212 791 1332 852 laceret.

431 895 508 954 llum
521 891 577 953 hee
591 892 621 952 in
637 890 748 969 campis
762 901 791 952 et
807 889 969 950 marescalli
991 890 1095 951 cestris
1117 891 1312 971 agitarentur,
1331 912 1421 955 vene·

389 1002 463 1056 runt
483 993 521 1054 ud
542 995 672 1073 legatum
693 992 840 1072 capitanei
861 991 1065 1054 leodiensium
1087 1003 1117 1055 et
1139 995 1279 1072 primates
1302 997 1422 1073 civium,

390 1117 408 1154 ι(
431 1107 647 1174 conquerentes
669 1094 706 1155 de
726 1095 773 1155 bis
792 1113 852 1172 que
875 1113 929 1172 per
953 1093 1128 1175 Burgundos
1144 1095 1173 1155 in
1189 1096 1294 1157 eastris
1309 1109 1339 1158 et
1354 1099 1420 1159 villa
1467 1110 1469 1113 ’

389 1197 534 1258 Crestinei
549 1195 725 1275 agebantur,
739 1203 937 1274 petentesque
951 1195 1100 1256 instanter
1111 1206 1144 1256 ut
1155 1197 1269 1276 legatus
1281 1216 1421 1260 censuras
1526 1235 1528 1276 ς

390 1307 492 1357 contra
504 1314 554 1357 eos
565 1296 655 1373 quiin
664 1295 769 1356 castris
780 1292 1011 1373 Burgundorum
1024 1307 1111 1356 erant
1122 1296 1336 1376 promulgaret,
1348 1296 1421 1360 bella

390 1397 491 1458 minus
501 1397 583 1476 justa
599 1397 763 1458 inferentes
778 1403 935 1475 postquam
951 1396 1007 1474 ipsi
1021 1389 1211 1458 rationabiles
1227 1399 1306 1478 pacis
1320 1400 1421 1460 eondi-

391 1498 487 1560 tiones
502 1498 675 1577 optulerunt
688 1506 718 1557 et
733 1497 774 1556 illi
790 1508 1010 1572 recusaverant,
1030 1497 1201 1576 bellumque
1220 1500 1291 1578 ipsis
1310 1501 1420 1562 induce-

391 1609 438 1661 ret
447 1609 478 1661 ct
488 1600 692 1681 pugnantibus
703 1609 807 1660 contra
820 1617 870 1658 eos
881 1599 1019 1659 celestem
1032 1598 1266 1661 benedictionem
1281 1602 1423 1664 donaret:
1527 1621 1528 1624 ¹

391 1721 423 1762 se
448 1701 622 1763 omnimodo
649 1701 808 1778 dispositos
825 1700 1033 1780 irruptionem
1059 1709 1219 1780 temptare,
1244 1702 1422 1783 Burgundoo
1527 1721 1529 1780 ζ

390 1802 532 1866 invadere
547 1813 577 1863 et
590 1802 735 1874 occidere,
747 1802 793 1862 vel
805 1799 898 1861 occidi
911 1812 940 1861 et
951 1801 1079 1862 viriliter
1090 1803 1189 1880 potius
1203 1823 1293 1880 quam
1308 1805 1422 1884 ignavi-

393 1913 439 1964 ter
449 1905 526 1965 mori
536 1926 562 1965 ».
575 1905 634 1963 lice
645 1913 673 1963 et
686 1903 733 1963 bis
742 1902 848 1963 similia
862 1921 916 1980 per
926 1903 1037 1980 plateas
1048 1913 1076 1963 et
1088 1905 1265 1985 vicosvulgo
1272 1906 1423 1984 jactaban-

392 2016 525 2082 turtque
536 2004 592 2064 nisi
603 2005 717 2082 legatus
729 2003 848 2071 iaceret,
859 2003 958 2083 ipsum
971 2023 1036 2067 cum
1049 2005 1216 2083 Burgundis
1226 2005 1300 2065 clam
1312 2007 1422 2066 sentire

392 2103 587 2182 predicabant
610 2104 655 2164 Ad
673 2102 729 2164 hec
746 2105 883 2183 legatus:
899 2126 916 2162 a
932 2105 996 2164 Non
1018 2123 1083 2166 esse
1106 2125 1187 2166 nunc
1210 2117 1328 2186 tempus
1351 2125 1421 2185 puo-
1527 2133 1529 2168 :

393 2205 546 2284 mulgendi
561 2223 702 2266 censuras
717 2214 820 2265 contra
835 2223 918 2265 arma
934 2213 1085 2280 tenentem
1102 2207 1125 2264 si
1141 2216 1239 2268 tamen
1250 2207 1422 2269 omnimodo
1527 2277 1529 2286 p

392 2304 449 2366 hoc
460 2305 525 2366 lieri
538 2305 734 2384 postularent,
749 2324 781 2364 se
796 2314 931 2382 paratum
944 2305 1082 2366 mandata
1091 2307 1154 2384 juri
1165 2305 1330 2384 conformia
1342 2307 1420 2384 dare,
1528 2321 1529 2324 ’

393 2408 416 2466 si
439 2407 592 2485 numptius
609 2417 727 2485 puratos
741 2405 872 2466 babeant
886 2407 937 2483 qui
953 2424 985 2466 ea
1002 2407 1038 2466 ad
1054 2406 1218 2468 exereitum
1233 2408 1380 2483 delerant,
1394 2419 1422 2470 et

393 2511 490 2570 locum
507 2508 602 2588 legato
616 2509 800 2569 constituant
814 2508 983 2587 Burgundis
999 2519 1028 2568 et
1043 2508 1255 2569 leodiensibus
1267 2517 1377 2583 tutum,
1387 2509 1421 2570 ad

393 2629 483 2688 quem
499 2610 588 2674 simul
603 2628 707 2670 secure
721 2611 884 2671 convenire
901 2609 1024 2688 possint
1036 2609 1123 2682 Quod
1137 2628 1208 2669 vero
1223 2608 1421 2688 irruptionem

393 2723 423 2772 et
436 2712 582 2772 insultum
594 2722 697 2771 centra
709 2711 887 2790 burgundos
899 2710 996 2770 lacere
1008 2710 1110 2782 velint,
1121 2709 1177 2770 boc
1188 2709 1243 2770 sibi
1255 2728 1317 2771 non
1329 2709 1422 2770 videri

394 2811 532 2890 pluribus
547 2830 582 2871 ex
597 2811 713 2871 causis:
729 2813 824 2890 prima
846 2819 892 2871 est
911 2811 1002 2887 quod,
1016 2809 1165 2890 pendente
1183 2810 1267 2871 ducis
1282 2829 1422 2890 responso

393 2912 442 2993 (od
456 2930 546 2990 quem
569 2931 601 2972 se
624 2912 740 2974 misisse
762 2910 953 2972 marescallus
974 2910 1144 2991 asserebat),
1167 2911 1305 2988 iniquum
1327 2919 1423 2972 estut

393 3015 478 3093 prius
489 3011 547 3090 ipsi
560 3012 672 3073 bellum
683 3011 833 3086 inierant3
850 3013 873 3073 si
887 3031 960 3073 vero
971 3012 1096 3072 inlatum
1110 3012 1296 3091 propulsent,
1307 3031 1424 3074 excusa-

394 3115 483 3177 bilius
498 3133 575 3187 esse;
590 3112 787 3194 secundom),
803 3114 882 3191 quud
898 3114 922 3174 si
938 3115 998 3174 dux
1012 3113 1049 3174 ad
1065 3114 1178 3192 aliquas
1191 3114 1269 3194 pacis
1281 3113 1424 3175 conditio·
1529 3139 1530 3196 ᾗ

394 3233 446 3274 nes
461 3214 666 3287 inclinaretur,
677 3214 776 3294 ipsum
788 3213 844 3275 boc
855 3215 969 3276 insultu
982 3216 1136 3277 irritarent
1146 3223 1175 3276 ct
1187 3215 1251 3293 ejus
1264 3216 1397 3276 unimam
1408 3233 1423 3274 u
1528 3237 1530 3280 ε

394 3332 465 3391 pace
479 3312 680 3389 diverterent;
695 3315 793 3388 tertio,
809 3314 890 3394 quod
905 3316 1008 3394 iniquo
1023 3317 1096 3389 loeo,
1113 3317 1143 3378 in
1158 3316 1222 3377 latis
1234 3316 1360 3396 campis,
1368 3316 1423 3395 ipsi

393 3415 546 3482 inhermes
557 3416 765 3488 cumarmatis,
774 3414 888 3495 pedites
900 3435 968 3478 cum
980 3416 1131 3495 equitibus
1144 3416 1306 3496 pugnaturi
1316 3423 1425 3487 essent.

394 3535 449 3583 nec
463 3527 621 3597 sperarent
634 3518 714 3596 ipsos
729 3517 861 3579 inermes
882 3529 935 3578 ant
949 3518 1132 3580 dormientes
1149 3518 1285 3597 reperire
1298 3518 1375 3577 sicut
1395 3517 1424 3576 in
1528 3513 1530 3536 ¹

393 3617 520 3696 'l'ongris
542 3617 688 3692 fecerant,
708 3617 761 3686 sed
783 3619 885 3698 vigiles
908 3629 938 3680 et
959 3619 1080 3680 structis
1104 3618 1223 3680 aciebus
1244 3626 1384 3692 armatos.
1406 3639 1424 3673 o

425 3884 461 3946 (tt
478 3885 550 3935 Lisaz
563 3884 690 3947 permisit.

427 3968 462 4032 (2)
480 3970 498 4020 ll
513 3970 623 4021 faudrait
634 3972 750 4022 seeundo
761 3979 787 4021 et
800 3971 883 4022 tertio.
