3088 4926
791 449 945 544 (irs)

351 596 404 655 dos
418 592 613 671 confugeret:
629 610 664 652 ex
686 589 732 650 bis
754 590 835 651 enim
857 588 1031 650 bominibus
1052 588 1201 648 civitatem
1220 588 1336 649 intrare
1355 598 1384 648 ct

351 696 433 755 exire
447 693 524 753 soliti
540 700 642 765 erant3
661 701 846 768 postremum
861 709 934 751 vero
949 708 1053 750 eorum
1075 689 1231 749 consilinm
1254 699 1319 750 erat
1342 701 1384 764 ut,

350 797 488 858 simulata
510 813 578 856 cnm
598 795 695 874 legato
711 792 788 855 dieta
803 793 901 871 aliqua
916 811 971 873 pro
987 810 1059 870 pace
1074 792 1235 868 tractanda,
1250 811 1285 854 eo
1300 803 1383 855 extra

350 898 500 958 civitatem
514 906 627 968 vocato,
643 894 800 974 episcopus
815 904 935 972 sumpto
949 892 1054 954 babitu
1069 893 1194 972 alicujus
1210 913 1244 954 ex
1261 894 1384 955 semilia-

352 999 436 1061 ribus
458 1000 559 1078 legati,
581 997 696 1058 clericis
719 996 765 1057 vel
786 996 881 1072 laicis,
905 1014 973 1056 cum
994 1013 1030 1055 eo
1051 996 1169 1056 civitate
1190 996 1384 1074 egrederetur

352 1112 381 1161 et
406 1099 558 1178 transfuga
583 1097 686 1172 fieret;
708 1097 760 1158 sed
787 1096 832 1157 bis
857 1095 997 1156 omnibus
1023 1095 1180 1157 obstabant
1205 1097 1330 1157 excubie
1355 1107 1384 1157 et

351 1201 536 1263 exactissime
560 1200 716 1261 custodum
742 1199 869 1259 civitatis
893 1199 1005 1278 vigilie,
1031 1199 1083 1277 qui
1108 1196 1383 1262 omneseivitatem

352 1301 555 1382 ingredientes
566 1312 597 1360 et
608 1299 796 1378 egredientes
806 1318 894 1360 nosse
905 1317 1023 1359 snmmo
1034 1299 1133 1359 studio
1144 1299 1384 1360 contendebant:

352 1425 367 1464 a
390 1402 499 1484 quibus
520 1403 544 1463 si
566 1403 724 1481 episcopus
745 1401 928 1460 dissimulato
948 1399 1052 1460 babitu
1074 1401 1209 1479 cognitus
1228 1400 1334 1460 fuisset
1352 1410 1383 1460 ut

353 1502 520 1583 transfuga,
540 1502 614 1562 nulli
634 1501 757 1561 dubium
778 1513 841 1560 erat
860 1501 989 1580 legatum
1007 1512 1034 1560 et
1050 1501 1223 1579 episcopum
1239 1520 1307 1561 cum
1323 1503 1384 1562 suis

351 1602 492 1666 omnibus
507 1620 614 1680 magno
629 1601 732 1661 lurore
749 1602 850 1681 populi
866 1600 960 1660 luisse
975 1599 1137 1660 crudeliter
1146 1601 1343 1680 interemptos
1356 1624 1382 1662 n.

394 1705 444 1766 His
465 1705 603 1784 cognitis,
625 1704 737 1783 legatus
759 1720 877 1763 snmmo
901 1701 1032 1762 diluculo
1056 1703 1187 1782 episcopi
1212 1702 1382 1764 cubiculum

354 1808 416 1888 (qui
437 1804 479 1885 (l)
500 1824 567 1864 cum
589 1823 644 1865 suo
662 1803 801 1882 junctum
823 1812 899 1875 erat,
922 1802 1020 1862 medio
1042 1804 1165 1882 pariete)
1187 1804 1383 1866 mirabundus

354 1912 504 1987 ingressus
516 1917 572 1978 est,
583 1924 616 1964 ae
627 1905 706 1965 ieras
719 1906 809 1965 misso
820 1903 947 1964 cubiculi
958 1905 1089 1983 episcopi
1102 1905 1190 1964 unico
1201 1907 1333 1979 custode,
1348 1907 1387 1966 ad

353 2008 698 2088 episcopumccnversns
707 2005 865 2064 soluscum
876 2004 979 2063 solem<
988 2004 1172 2080 Conloquii,
1183 2016 1349 2066 tamsevam
1358 2019 1388 2067 et

353 2131 372 2167 >r
388 2107 608 2168 iraudulentum
625 2125 687 2165 rem
700 2107 868 2184 excogitare
880 2106 1001 2183 potuisti
1018 2117 1059 2178 ut,
1074 2104 1261 2168 dissimulato
1274 2108 1388 2183 babitu,

354 2231 371 2266 o
387 2208 454 2268 sine
464 2225 512 2266 me
523 2189 561 2267 de
571 2206 688 2266 civitate
705 2215 867 2284 temptares
882 2205 1035 2287 elingere?
1049 2208 1078 2267 Si
1094 2209 1226 2286 cognatis
1241 2221 1271 2269 ct
1285 2211 1387 2274 amicis

352 2308 442 2369 »tuis
457 2308 508 2386 qui
524 2308 554 2366 in
569 2307 672 2367 castris
691 2307 855 2366 marescalli
871 2315 942 2367 sunt
956 2327 1025 2367 cura
1042 2316 1086 2368 est
1102 2309 1223 2388 grandis
1239 2309 1276 2369 de
1290 2310 1386 2370 salute

331 2463 334 2469 ,
351 2433 368 2468 n
384 2419 447 2486 tua,
462 2421 542 2470 certe
556 2409 694 2486 iniquum
711 2427 770 2469 non
787 2419 852 2469 est:
871 2410 922 2469 sed
938 2411 1018 2489 quod
1038 2413 1164 2472 sulutem
1179 2425 1209 2472 et
1224 2432 1383 2492 personam

350 2534 367 2569 n
383 2529 479 2572 meam
491 2521 523 2571 tu
535 2521 565 2570 et
577 2510 633 2589 ipsi
646 2511 809 2590 negligatis,
826 2522 858 2570 nt
873 2529 920 2571 me
935 2511 965 2570 in
981 2513 1119 2573 manibus
1135 2512 1264 2574 furentis
1280 2515 1381 2594 populi

349 2623 412 2671 net
437 2609 624 2690 perditorum
651 2610 808 2671 bominum
833 2611 884 2688 qui
910 2611 940 2670 in
967 2613 1097 2672 exercitu
1125 2615 1288 2674 marescalli
1311 2625 1382 2676 sunt

242 2717 246 2723 ’
349 2734 366 2768 n
382 2711 478 2772 solum
494 2711 734 2784 dimicterea,non
751 2724 831 2772 recte
846 2712 942 2793 egisti.
961 2713 990 2772 Si
1011 2715 1075 2774 sinc
1097 2733 1144 2773 me
1167 2715 1249 2774 exire
1263 2717 1384 2794 cogitas,

348 2836 366 2871 n
382 2813 492 2875 nonsit
504 2813 613 2873 mirum
626 2813 678 2873 tibi
691 2815 714 2874 si
727 2813 896 2875 occasiones
911 2803 1056 2874 invenero
1072 2825 1105 2875 ut
1119 2816 1268 2876 civitatem
1284 2819 1382 2895 aliquo

262 2906 264 2912 ’
348 2936 366 2972 o
381 2915 497 2992 quesite
512 2915 611 2974 colore
626 2916 707 2974 exire
723 2915 850 2995 possim,
870 2923 899 2974 tc
918 2913 967 2975 hic
986 2915 1108 2976 dimisso
1128 2918 1190 2977 solo
1212 2926 1241 2978 et
1259 2917 1314 2978 bac
1332 2929 1381 2979 tua

348 3037 366 3072 n
380 3018 542 3094 excogitata
562 3015 667 3075 fraude
685 3016 800 3076 detecta
822 3017 919 3096 palam
942 3018 1083 3078 universo
1099 3020 1218 3098 populo.
1235 3041 1252 3076 n
1267 3020 1312 3080 Ad
1329 3019 1383 3080 bec

348 3117 505 3196 episeopus
528 3115 682 3193 paululum
705 3117 893 3177 verecundus
907 3128 937 3178 et
953 3118 1057 3194 tristis,
1071 3119 1257 3180 sanctissimo
1267 3121 1383 3201 jureju-

350 3216 443 3276 rando
466 3215 631 3276 obtestatus
652 3225 697 3275 est
718 3237 736 3274 c
758 3235 790 3276 se
812 3218 924 3296 pluries
945 3217 983 3277 de
1005 3238 1037 3278 re
1060 3219 1113 3280 bac
1133 3220 1171 3280 ab
1192 3206 1295 3282 amicis
1319 3221 1380 3282 suis

261 3389 263 3392 ,
350 3319 442 3380 luisse
462 3317 665 3393 sollicitatum,
686 3317 740 3378 sed
761 3339 915 3396 nunquam
935 3339 1112 3384 consensum
1134 3325 1310 3402 prestitisse,
1326 3342 1381 3383 nee

348 3419 461 3500 aliquid
482 3437 514 3480 se
535 3419 626 3479 luisse
648 3419 882 3481 deliberaturum
900 3420 956 3482 nisi
973 3440 1004 3480 re
1019 3441 1087 3483 eum
1108 3424 1203 3502 legato
1222 3425 1380 3484 conmuni·

350 3533 432 3598 cata;
457 3521 548 3598 idque
572 3538 604 3580 se
629 3539 710 3580 nunc
731 3521 930 3600 jurejurando
959 3523 1089 3604 polliceri
1115 3536 1145 3584 et
1168 3544 1380 3604 quamcunque

349 3625 463 3704 legatus
475 3622 564 3683 fidem
577 3632 628 3683 aut
639 3623 829 3683 securitatem
844 3624 1024 3702 excogitaret
1038 3624 1110 3686 dere
1125 3635 1279 3706 parutum3
1294 3645 1382 3707 roga·

348 3726 451 3803 vitque
470 3725 600 3803 legatum
621 3724 748 3803 supplex
772 3743 811 3784 ne
831 3743 863 3786 se
883 3725 978 3785 solum
1001 3725 1032 3786 in
1054 3727 1172 3787 civitate
1196 3728 1383 3807 relinqueret

380 3969 417 4031 (l)
434 3968 506 4018 bisen
517 3969 592 4032 quod.
