3102 4914
377 573 407 625 ct
425 563 623 626 submissione
641 563 671 626 in
691 579 885 641 quoscunque
899 560 1013 639 judices
1030 563 1240 624 ecclesiasticos
1261 564 1308 623 vel
1323 581 1408 624 secu·

377 666 464 740 lares,
487 663 682 740 omniumque
706 663 806 742 legum
827 670 857 722 et
875 663 1082 741 exceptionum
1111 663 1241 743 presidio
1262 666 1352 744 plene
1379 677 1409 726 et

378 782 517 845 expresse
533 763 766 832 renuoctiantes,
1222 819 1224 826 ,

123 874 252 921 ueneratur
265 871 363 940 prelium
419 864 555 925 Firmetis
574 863 621 924 bis
641 864 719 945 pacis
740 862 1007 944 conventionibus,
1019 864 1172 942 paululum
1194 883 1211 923 a
1227 866 1409 927 tumultibus

149 931 365 1036 ,eg„i,³,¹,¹,⁸³„⁰¹2,³,',¹,
377 964 489 1025 bellicis
510 965 650 1042 quievere
672 963 774 1039 animi,
794 972 823 1023 et
846 962 1027 1024 satisfactum
1052 982 1108 1041 per
1126 962 1303 1026 Leodieuscs
1323 966 1409 1026 brevi

150 1045 312 1106 infrascriptis.
377 1076 513 1145 ternpore
531 1064 666 1144 pluribus
681 1064 770 1142 hujus
787 1064 865 1143 pacis
879 1062 1108 1128 conditionibus.
1124 1064 1180 1123 Sed
1195 1066 1337 1141 quoniam
1349 1067 1408 1127 dur

377 1179 479 1230 contra
492 1169 609 1248 insigne
625 1168 767 1246 oppidum
789 1167 951 1234 Dinantum
966 1165 1020 1247 (l),
1035 1184 1095 1226 non
1110 1167 1363 1244 comprehensum
1379 1170 1409 1228 in

379 1269 553 1330 tractatibus
573 1269 653 1347 pacis
671 1267 711 1327 ob
725 1275 804 1326 certa
823 1265 975 1327 maledictu
994 1264 1036 1345 (9)
1056 1266 1181 1328 convitia
1198 1267 1229 1326 in
1249 1286 1410 1347 personam

378 1370 485 1443 Caroli,
497 1370 549 1430 lilii
562 1371 616 1444 sui,
630 1369 758 1446 turpiter
765 1368 883 1446 jactata,
896 1379 1030 1427 moveret
1040 1367 1204 1428 exercitum
1216 1387 1223 1428 :
1237 1371 1324 1430 veriti
1337 1372 1411 1432 Leo-

378 1468 495 1530 dienses
512 1470 610 1550 magni
625 1478 654 1529 et
669 1469 765 1548 pulcri
779 1468 882 1548 oppidi
896 1487 929 1527 ac
943 1469 1087 1528 sotiorum
1103 1468 1148 1550 (5)
1162 1469 1324 1546 excidium,
1341 1491 1409 1532 cum

378 1581 533 1650 putassent
548 1571 653 1632 ducem
674 1571 773 1649 potius
794 1571 830 1630 ad
845 1569 1030 1648 'injuriarum
1049 1569 1205 1632 emendam
1222 1575 1411 1653 quamopidi

378 1673 589 1734 desolationem
602 1672 761 1744 intentum,
774 1689 828 1732 nec
842 1671 953 1750 ipsum,
966 1670 1148 1750 interpositis
1164 1672 1281 1746 mediis,
1298 1675 1412 1752 potuis·

377 1782 445 1836 sent
455 1784 606 1835 avertere:
618 1773 726 1833 iterum
740 1792 795 1853 pro
806 1776 950 1851 sotiorum
961 1771 1134 1838 defensione
1144 1791 1227 1832 orma
1239 1793 1411 1852 sumpsere,

379 1874 519 1936 etacrius
540 1893 574 1934 ac
592 1874 685 1953 magis
706 1886 864 1934 cruentum
888 1872 995 1932 revixit
1015 1871 1141 1945 bellum3
1159 1880 1195 1932 e'x
1216 1892 1285 1950 quo,
1306 1876 1410 1935 inultis

379 1977 508 2038 vicissim
523 1977 597 2037 datis
610 1987 639 2036 et
649 1975 777 2054 acceptis
792 1974 934 2049 cladibus,
949 1973 1067 2034 tandem
1085 1973 1246 2034 Dinantum
1262 1976 1409 2054 oppidum

379 2077 409 2136 vi
425 2088 628 2156 expugnatum
643 2087 696 2144 est,
711 2075 797 2135 bonis
815 2074 986 2153 spoliatum,
1002 2073 1139 2133 funditus
1152 2085 1335 2135 eversumet
1345 2078 1409 2137 solo

380 2193 568 2258 coequatum‚
589 2180 708 2260 templis
729 2180 867 2241 omnibus
888 2189 918 2240 'et
939 2177 1076 2239 domibus
1097 2179 1360 2257 penitus'dirutis,
1381 2194 1410 2242 et

380 2282 521 2343 omnibus
550 2282 613 2342 lere
635 2281 738 2342 incolis
760 2279 925 2341 interiectis
946 2280 998 2356 qui
1019 2280 1050 2340 in
1078 2289 1254 2358 potestatem
1276 2281 1408 2343 hostium

281 2454 284 2461 Ι
381 2383 540 2460 devenere,
555 2383 619 2442 sine
634 2400 722 2442 sexus
738 2391 789 2441 aut
800 2379 885 2439 etatis
900 2378 1078 2439 discretione
1093 2378 1144 2459 (l).

127 2481 368 2585 Reissffitalffiffoeffi}
421 2486 480 2544 Hac
498 2495 555 2544 mm
576 2483 682 2564 grandi
699 2480 782 2541 clade
801 2488 930 2559 eccepto,
951 2478 1156 2540 Leodieusium
1173 2480 1267 2542 animi
1284 2481 1321 2541 ad
1340 2501 1410 2560 pre·

154 2553 333 2644 locutionibus.
382 2587 455 2647 lium
471 2585 588 2658 irritati,
599 2583 717 2644 aciebus
732 2580 802 2641 binc
817 2580 886 2641 inde
898 2586 1000 2640 contro
1016 2580 1099 2640 ducis
1118 2583 1283 2641 exereitum
1305 2583 1410 2646 bellico

382 2687 488 2750 ordine
502 2684 683 2764 compositis,
697 2700 764 2742 euna
776 2682 838 2760 jam
852 2682 970 2742 classica
986 2680 1068 2760 signa
1079 2680 1121 2762 (ὅ)
1138 2680 1175 2741 ad
1191 2691 1342 2742 certamen
1359 2703 1412 2744 ex·

383 2798 589 2871 pectarentur,
610 2787 718 2850 iterum
735 2783 919 2858 leodienses,
934 2782 1112 2843 comunibus
1130 2782 1232 2842 amicis
1251 2781 1411 2845 medianti-

383 2893 450 2964 bus,
469 2890 505 2954 ad
528 2889 639 2968 prirnas
659 2885 739 2965 pacis
760 2884 944 2945 conditiones
959 2882 1091 2956 rediere,
1116 2902 1150 2944 ae
1171 2902 1227 2962 pro
1251 2903 1285 2944 en
1306 2885 1408 2946 obser·

383 2991 478 3052 venda
494 2989 570 3050 datis
585 2987 737 3048 obsidibus
752 2985 868 3046 decenti
880 2984 923 3065 (6)
934 3002 1069 3060 nurnero,
1084 2986 1412 3067 etremissaadeilip-

388 3111 459 3172 pum
475 3092 579 3152 ducem
594 3099 624 3149 et
638 3088 774 3148 Gurolum
789 3087 853 3165 ejus
870 3085 964 3145 filium
984 3086 1118 3146 omnium
1138 3088 1411 3149 controversisrum

420 3349 454 3410 (1)
472 3346 644 3406 onmem,
656 3344 755 3409 Dicant,
771 3343 828 3393 villa
843 3343 876 3393 de
893 3343 996 3393 l'auclen
1010 3355 1069 3406 pays
1081 3343 1113 3392 de
1125 3342 1211 3404 Liege,
1224 3344 1288 3394 dans
1303 3345 1410 3396 l'Eutre·

385 3432 644 3486 scabre-et-lleuse.
974 3433 977 3440 ’

418 3522 455 3584 (9)
472 3517 596 3582 Suppleec
609 3523 639 3567 et.

418 3605 456 3671 (5)
472 3605 520 3656 Sic.
531 3605 651 3654 L'euteur
659 3600 723 3651 c'crit
731 3602 763 3652 de
771 3600 852 3651 meroe
860 3600 995 3662 juditium,
1006 3594 1199 3661 commertium,
1210 3602 1315 3666 speeies,
1324 3609 1377 3656 etc.

419 3689 456 3755 (l)
474 3691 506 3740 La
525 3688 583 3737 ville
596 3687 628 3738 de
641 3687 731 3738 Dicant
747 3685 830 3736 s'etait
843 3686 939 3735 rendae
960 3685 984 3736 le
1006 3685 1039 3735 25
1058 3685 1117 3735 cout
1138 3686 1210 3736 1466.
1228 3687 1260 3736 be
1278 3694 1362 3738 eomte
1380 3691 1412 3738 de

389 3776 516 3832 tibaroleis
525 3789 539 3838 y
548 3782 619 3826 entra
631 3774 653 3824 le
664 3773 805 3824 lendemain
817 3773 932 3823 erec'son
945 3770 1037 3823 annea.

422 3861 460 3930 (ὅ)
476 3861 595 3914 Classico
606 3860 694 3925 aipna,
705 3860 727 3910 le
735 3858 815 3922 signal
826 3857 910 3909 donne
918 3869 962 3920 par
974 3857 1011 3906 les
1022 3861 1180 3918 trompettes.

351 4002 352 4006 ,
421 3951 457 4015 (θ)
476 3949 548 4002 Ltsez
560 3948 694 4000 decoratis?
927 3943 930 3951 '
1149 3953 1152 3958 ·
