3088 4926
795 407 923 506 (70)

342 553 507 614 intuituros
521 549 558 610 ad
574 549 703 628 prelium
718 559 820 610 contra
836 549 998 610 exereitum
1011 549 1142 630 episcopi
1154 551 1177 609 si
1190 549 1254 611 haec
1265 556 1374 613 rescis-

342 664 420 725 sent,
434 669 502 711 eum
518 650 672 728 proximus
689 649 800 708 civitati
821 662 913 723 esset,
935 649 1008 709 inito
1030 667 1083 727 per
1106 658 1222 710 noctem
1239 652 1373 722 consilio,
1452 719 1454 724 ,

340 755 454 834 legatus
469 770 536 812 cum
554 751 614 810 suis
634 740 751 811 summo
767 749 898 810 diluculo
912 751 1081 829 Trajectum
1098 769 1153 829 per
1171 753 1283 811 illosum
1305 753 1373 812 des·

341 853 455 927 cendit,
469 851 568 913 animo
584 849 625 909 ibi
641 851 686 910 vel
702 850 893 928 Aquisgrani,
909 849 998 928 opido
1015 849 1160 928 imperiali
1177 851 1286 930 insigni
1303 872 1372 931 pro·

342 955 431 1026 ximo,
448 952 658 1034 permanendi,
673 951 717 1011 r'ei
734 963 875 1010 eventum
891 951 1186 1030 expectaturus;.sed
1202 954 1371 1016 consultum

341 1075 406 1117 esse
420 1054 463 1134 (l)
477 1053 574 1115 visum
592 1055 686 1133 legato
708 1062 737 1112 et
759 1051 860 1110 amicis
883 1051 943 1110 suis
968 1060 1000 1110 ut
1021 1061 1091 1110 ante
1112 1070 1263 1112 recessum
1286 1073 1372 1115 suum

273 1153 281 1168 ⁸
342 1175 409 1217 cum
432 1155 571 1233 episcopo
593 1153 835 1230 conloqueretur,
854 1152 951 1212 saltim
967 1150 1008 1230 (Ξ)
1023 1152 1060 1212 ad
1074 1162 1242 1212 extremum
1264 1155 1374 1214 valcla-

343 1256 492 1317 cicndum.
505 1257 600 1334 Igitur
616 1255 737 1332 legatus,
754 1253 844 1313 misso
859 1252 896 1311 ad
912 1254 1085 1332 episcopum
1102 1254 1220 1331 publico
1237 1259 1374 1335 nuruptio

324 1357 433 1418 armis
456 1355 565 1415 summi
587 1353 733 1435 pontificis
758 1354 839 1412 Pauli
862 1354 1019 1433 insignito,
1040 1373 1107 1413 (ium
1130 1355 1236 1415 litteris
1260 1355 1323 1416 baec
1345 1358 1374 1416 iu

344 1456 452 1518 effectu
464 1454 697 1526 continentibus,
711 1477 728 1512 a
741 1463 774 1513 ut
786 1463 941 1534 postquam
954 1455 1077 1515 omnino
1089 1455 1250 1533 dispositus
1262 1466 1327 1516 erat
1337 1457 1373 1516 ad

344 1559 471 1640 prelium
494 1565 711 1633 tractatumque
734 1557 812 1633 pacis
836 1565 1034 1628 recusaverat,
1050 1575 1103 1616 nec
1119 1555 1256 1634 dignatus
1280 1557 1378 1618 luerat

343 1659 380 1720 ad
396 1657 609 1718 monasterium
624 1656 852 1717 Veteris-vineti
867 1675 920 1735 pro
932 1656 1019 1716 dietis
1034 1655 1210 1735 deputatum
1225 1659 1375 1729 accedere,

343 1759 512 1840 designaret
533 1759 630 1826 saltim
652 1758 747 1836 legato
769 1759 865 1817 locum
888 1757 1017 1835 aliquem
1040 1759 1130 1818 alium
1146 1759 1183 1818 ad
1198 1777 1286 1836 quem
1304 1779 1375 1818 eon·

303 1879 307 1886 ·
345 1861 432 1922 mode
452 1860 612 1919 convenire
634 1858 722 1917 ambo
744 1867 865 1936 possent
890 1867 959 1917 ante
985 1859 1070 1937 legati
1096 1877 1247 1918 recessum
1270 1879 1375 1920 versus

344 1962 537 2032 Alamaniam,
554 1977 608 2038 pro
623 1959 704 2018 finali
720 1959 887 2036 conloquio,
904 1969 1040 2036 paratum
1055 1979 1087 2020 se
1101 1960 1151 2020 illo
1167 1961 1307 2020 accedere
1320 1980 1373 2021 nec

345 2062 409 2142 ipse
427 2070 604 2141 gravaretur
618 2059 720 2120 venire
733 2081 758 2118 u.
774 2060 818 2119 Ad
833 2059 888 2119 hcc
903 2061 1060 2139 episcopus
1074 2061 1227 2138 paululum
1250 2061 1374 2120 crubes-

346 2183 415 2224 cens
437 2161 518 2241 quod
539 2162 635 2242 pridie
650 2163 752 2222 venire
767 2173 970 2236 recusaverat,
985 2161 1140 2241 respoudit
1157 2185 1174 2218 «
1191 2181 1221 2222 se
1237 2172 1373 2242 paratum
1434 2159 1438 2168 '
1523 2153 1525 2172 ⁴

345 2265 449 2324 venire
464 2263 501 2323 ad
515 2264 576 2323 locu
592 2260 648 2321 alia
663 2262 718 2340 ipsi
733 2262 829 2340 legato
843 2262 924 2322 libita
941 2263 1032 2342 magis
1055 2271 1132 2334 tuta,
1152 2262 1375 2341 designavitque

345 2366 442 2425 locum
459 2382 550 2441 quem
564 2363 660 2424 accole
676 2371 779 2423 vocant
793 2363 901 2424 Millem
919 2382 957 2443 op
973 2364 1030 2423 den
1048 2363 1179 2423 Driesclri
1191 2361 1232 2444 (5)
1247 2385 1277 2424 u.

91 2487 233 2536 conveniunt
251 2485 334 2552 iterum
387 2467 510 2525 Summo
526 2464 655 2524 diluculo
670 2483 705 2524 ex
719 2463 853 2543 Trajecto
868 2465 981 2545 legatus
996 2483 1063 2524 curn
1075 2465 1267 2525 ecclesiarum
1284 2467 1374 2544 patri-

103 2546 193 2664 ffltffl
208 2549 230 2592 ⁶¹
245 2555 333 2603 ‘imm'
346 2566 402 2626 bus
423 2584 514 2646 supra
536 2566 696 2626 nominatis
712 2566 864 2640 recedens,
886 2585 944 2643 quc
964 2565 1021 2625 luit
1043 2564 1105 2624 dies
1128 2566 1268 2625 mercurii
1285 2564 1373 2645 xxviij

345 2665 455 2725 mensis
467 2665 656 2745 septembris,
669 2665 753 2727 venit
767 2667 804 2725 ad
819 2666 916 2725 locum
933 2666 1042 2738 Millen,
1058 2665 1087 2724 in
1104 2684 1163 2742 quo
1176 2665 1288 2744 reperit
1301 2667 1375 2744 cpis-

345 2784 452 2844 copum
475 2767 531 2826 sibi
552 2766 670 2826 obvium
690 2767 901 2843 procedentem
918 2765 981 2825 lere
996 2783 1063 2825 cum
1081 2775 1142 2826 toto
1158 2786 1212 2826 suo
1227 2762 1376 2840 exercitu;

343 2886 526 2945 accensoque
542 2868 653 2948 ingenti
669 2867 734 2927 loco
749 2867 780 2926 in
796 2867 871 2927 atrio
886 2886 953 2926 case
969 2868 1104 2946 proxime
1127 2877 1251 2946 propter
1273 2868 1371 2928 inten-

343 2988 410 3028 sum
439 2968 532 3048 lrigus
561 2979 590 3027 ct
613 2970 692 3046 gelu,
718 2967 979 3027 circumstantibus
1004 2969 1102 3046 iguem
1130 2987 1198 3028 cum
1224 2969 1320 3048 legato
1342 2981 1372 3027 et

345 3071 483 3148 episcopo
515 3077 544 3128 ct
570 3086 673 3127 eorum
700 3067 841 3140 consilio,
869 3068 980 3128 decano
1011 3069 1164 3128 leodiensi
1193 3070 1307 3130 loanne
1338 3070 1376 3128 de

346 3172 463 3243 Quercu
477 3169 686 3246 (l),canonico
706 3185 760 3246 per
775 3168 939 3245 capitulum
958 3188 1025 3228 cum
1045 3169 1140 3247 legato
1159 3169 1323 3248 deputatis,
1343 3189 1378 3227 ac

355 3371 382 3377 ιω
387 3370 694 3377 -———--·-—--·-a-----
700 3371 755 3376 ——-
760 3368 1379 3379 --——-————---—--—--‹-—-—-—-—-

377 3493 416 3556 (l)
433 3493 502 3543 Liscz
514 3493 574 3542 est?

379 3581 415 3640 (a)
431 3581 481 3639 Sic,
492 3577 666 3642 poursolteor,
679 3585 704 3627 et
716 3578 748 3627 dc
761 3575 843 3628 meme
856 3578 912 3641 plus
924 3579 978 3628 bas.

380 3668 416 3730 (5)
432 3666 524 3725 Millen,
537 3664 626 3730 village
639 3665 652 3714 l
664 3664 680 3714 6
692 3664 837 3715 kilometres
850 3665 882 3714 dc
894 3665 1013 3726 Tongres.
1025 3663 1063 3729 Op
1075 3665 1126 3714 deu
1137 3664 1246 3724 drieeclr,
1255 3664 1379 3716 litterale·

347 3760 414 3803 ment
429 3765 435 3800 :
447 3751 525 3802 suria
538 3750 634 3814 pitture
648 3749 754 3803 Dricselr
766 3749 890 3812 designarit
904 3763 954 3800 une
970 3749 1060 3813 piture
1077 3751 1140 3801 daus
1159 3765 1193 3800 uu
1213 3751 1305 3801 terrain
1323 3762 1375 3814 sec,

348 3851 393 3901 par
404 3835 543 3901 opposition
555 3837 569 3886 a
581 3835 680 3896 broeclc,
691 3837 825 3900 indiquaut
836 3849 887 3886 une
898 3835 989 3899 pratrie
999 3834 1110 3886 humide.
1266 3825 1269 3830 ’

371 3924 417 3988 qt)
433 3923 495 3973 teau
508 3924 539 3973 de
551 3923 648 3974 Chesue
660 3937 693 3975 ou
707 3925 738 3974 dc
752 3923 839 3975 llerrr.
849 3923 919 3986 (Voy.
931 3936 961 3971 un
972 3921 1075 3982 Tusux,
1086 3935 1126 3985 op.
1140 3923 1189 3982 cit,
1201 3929 1218 3972 t.
1234 3922 1264 3981 ll,
1277 3936 1299 3985 p.
1309 3921 1380 3985 265.)
1428 3937 1434 3949 ·
