3088 4926
800 432 954 528 (rto)

352 575 413 634 suis
435 573 542 634 lieteris
566 574 756 634 interclusam
779 592 833 653 per
855 573 1004 652 quendam
1027 592 1063 634 ex
1085 574 1218 654 episcopi
1239 578 1379 656 numptiis

260 711 261 714 =
354 674 523 735 mariscalco
538 676 663 753 Tungris
675 673 821 734 existente
838 673 1012 749 transmisit,
1027 692 1135 755 rogans
1151 695 1220 736 eum
1236 698 1255 734 a
1272 688 1314 750 ut,
1327 696 1379 756 pro

353 776 406 836 Dei
421 775 536 837 bonore
551 787 580 836 et
595 775 755 854 apostolice
774 775 852 836 sedis
873 776 1050 847 reverentia,
1064 778 1164 855 potius
1182 778 1248 838 sine
1268 779 1339 840 cede
1352 791 1381 840 et

353 877 496 955 sartguine
508 895 609 956 pacem
622 877 744 955 eligeret
756 895 845 954 quarn
862 877 931 937 belli
946 876 1098 939 fortunam
1113 877 1244 958 experiri
1259 888 1381 960 tempta·

352 987 398 1038 ret
409 998 437 1038 n.
449 978 511 1051 Qua
524 988 642 1056 recepta
655 985 685 1037 et
696 978 854 1051 intellecta,
866 977 963 1056 primo
976 979 1160 1057 respondere
1170 962 1297 1056 distulit3
1311 983 1378 1042 item

352 1091 383 1139 et
393 1078 523 1139 seeundo
534 1079 704 1158 requisitus,
722 1079 826 1154 tacuit,
842 1063 929 1138 tertio
945 1096 1028 1154 vero,
1039 1101 1058 1137 c<
1070 1099 1102 1140 se
1112 1079 1188 1140 nibil
1199 1081 1379 1162 respondere

354 1200 438 1260 posse
449 1179 516 1241 sine
523 1180 607 1240 ducis
618 1180 772 1242 vuluntate
782 1178 950 1260 (respondit
961 1180 1052 1242 verbo
1065 1191 1174 1254 tamen,
1185 1201 1246 1244 non
1258 1184 1381 1262 litteris),

352 1285 389 1344 ad
400 1302 489 1363 quem
502 1303 533 1344 se
545 1284 658 1343 misisse
670 1282 835 1344 testabatur
846 1285 887 1363 (l)
899 1305 926 1344 n.
939 1282 1141 1345 Nihilominus
1152 1287 1294 1348 continue
1307 1289 1380 1348 acies

351 1387 427 1445 circa
441 1385 591 1445 civitatem
606 1383 749 1460 struebat,
761 1403 847 1464 agros
862 1383 1075 1464 populabatur,
1089 1385 1173 1446 villas
1189 1387 1378 1460 incendebat3

352 1506 445 1567 quare
458 1486 643 1558 leodienses,
656 1487 698 1546 ira
713 1495 742 1546 et
755 1485 859 1546 furore
870 1487 995 1558 incensi,
1005 1487 1205 1566 irruptionem
1218 1501 1321 1550 contra
1332 1509 1380 1550 eos

351 1589 450 1650 lacere
461 1588 646 1665 temptabant
660 1588 730 1648 :sed
740 1588 850 1649 saniori
862 1599 933 1648 tunc
944 1588 1067 1648 consilio
1083 1589 1219 1668 repressi,
1237 1602 1270 1651 ut
1283 1591 1379 1670 potius

352 1690 501 1750 civitatem
512 1689 661 1749 custodire
669 1707 758 1766 quarn
767 1707 834 1747 cum
843 1687 979 1748 hostibus
991 1688 1021 1747 in
1033 1700 1137 1766 aperto
1150 1708 1284 1769 pugnare
1295 1710 1380 1751 cura-

353 1802 430 1863 rent,
441 1790 478 1850 ad
492 1809 622 1870 pugnam
635 1801 705 1850 tune
716 1789 798 1849 exire
809 1788 1002 1849 distulerunt.
1012 1789 1068 1848 Sed
1081 1786 1240 1868 sumopere
1252 1790 1378 1870 legatum

316 1904 326 1914 ¹·
353 1901 495 1972 rogarunt
510 1892 659 1972 supplices
674 1909 778 1951 omnes
793 1892 883 1964 cives,
898 1901 927 1950 et
942 1908 1009 1949 curn
1027 1890 1069 1949 eis
1087 1891 1244 1971 episcopus
1259 1901 1290 1952 et
1303 1903 1380 1955 totus

351 1997 477 2058 civitatis
488 1996 594 2069 clerus,
604 2017 621 2052 t<
630 2003 672 2067 ut,
682 2005 749 2074 post
761 2005 856 2055 tantos
870 2012 1026 2073 perpessos
1039 1995 1163 2068 labores,
1175 1995 1275 2056 adbuc
1286 2015 1378 2057 unum

351 2108 381 2158 ct
395 2096 476 2156 bunc
486 2096 625 2156 ultimum
640 2114 695 2174 pro
712 2105 795 2155 tante
809 2094 936 2156 civitatis
951 2095 1045 2154 salute
1059 2096 1173 2174 legatus
1185 2115 1305 2158 sumere
1319 2116 1377 2158 non

351 2207 502 2256 recusaret
510 2215 516 2254 :
525 2181 712 2274 accederem)
720 2193 855 2255 videlicet
866 2196 1063 2274 personaliter
1073 2195 1136 2274 ipse
1145 2196 1181 2255 ad
1192 2197 1298 2258 ducem
1310 2217 1376 2258 curn

351 2299 404 2358 hac
424 2297 503 2376 pacis
520 2297 631 2374 scripte
647 2296 807 2368 oblatione,
823 2293 945 2356 duceret
959 2314 1060 2355 seeum
1078 2298 1286 2358 cancellarium
1302 2301 1379 2379 epis·

351 2399 415 2477 copi
431 2394 600 2457 Leodiensis
612 2407 642 2456 et
656 2395 788 2456 nobilem
803 2396 927 2456 militem
940 2397 1084 2456 loannem
1096 2398 1271 2474 Vogelzone
1284 2418 1376 2459 unum

351 2519 386 2560 ex
398 2499 521 2579 captivis
533 2501 562 2558 in
575 2498 710 2577 Tungris,
722 2497 790 2557 duci
800 2496 972 2576 Burgundio
983 2498 1052 2557 satis
1064 2517 1165 2558 carum
1174 2501 1215 2579 (5)
1228 2521 1256 2558 n.
1266 2502 1378 2560 Annuit

351 2603 463 2680 legatus
475 2601 504 2660 in
521 2610 603 2660 tanto
614 2618 716 2660 rerum
726 2599 909 2673 discrimine,
921 2597 1014 2658 labori
1027 2617 1086 2658 non
1100 2619 1233 2679 parcens,
1246 2602 1378 2681 scripsit·

351 2721 409 2781 que
423 2702 610 2762 llubereourt
626 2711 659 2762 ut
672 2721 704 2762 se
718 2720 786 2763 cum
801 2702 895 2781 legato
910 2701 946 2760 ad
962 2701 1067 2761 ducem
1083 2702 1127 2762 ire
1141 2701 1329 2782 disponeret;
1348 2713 1377 2764 et

351 2805 576 2882 obsequentem
591 2821 710 2863 causam
728 2803 792 2863 dies
811 2802 897 2862 tertia
920 2801 956 2860 ad
978 2820 1126 2862 recessum
1150 2803 1226 2862 dieta
1249 2815 1302 2878 est,
1324 2823 1377 2883 per

350 2904 428 2964 viam
443 2904 532 2964 castri
546 2906 583 2962 de
598 2905 683 2977 lluio,
699 2904 824 2964 adverso
839 2901 964 2962 flumine
983 2903 1072 2976 Mose,
1091 2904 1195 2963 eastris
1213 2905 1375 2965 marescalli

351 3014 418 3084 post
432 3014 513 3082 terga
532 3003 654 3076 relictis3
676 3002 728 3063 sed
748 3014 780 3062 ut
799 3001 856 3063 iter
874 3011 972 3062 tutum
992 3003 1150 3064 cederetur
1164 3005 1204 3081 (d)
1219 3015 1248 3064 et
1265 3023 1378 3065 mares-

350 3105 441 3164 callus
455 3103 575 3163 interint
591 3122 607 3162 a
623 3103 710 3174 bello,
725 3103 870 3162 incendiis
886 3113 917 3162 et
930 3101 1051 3164 cedibus
1063 3123 1094 3164 se
1107 3106 1282 3178 contineret,
1298 3105 1377 3168 missi

349 3205 427 3265 illico
442 3202 479 3263 ad
495 3222 563 3263 eum
577 3203 770 3263 cancellarius
785 3215 814 3264 et
828 3205 1006 3284 Vogelzane,
1021 3204 1075 3265 hee
1089 3204 1131 3266 illi
1146 3207 1245 3266 omnia
1264 3205 1377 3286 signifi·

382 3533 419 3596 (l)
436 3533 472 3583 Ne
484 3532 572 3582 faut-il
585 3546 630 3596 pas
644 3547 649 3582 :
666 3551 676 3577 a
691 3545 719 3582 se
731 3532 793 3582 nihil
806 3532 960 3596 respondere
972 3544 1045 3593 posse
1054 3531 1109 3580 sine
1119 3531 1189 3582 ducis
1199 3531 1337 3593 voluntate,
1346 3533 1378 3583 ad

349 3632 425 3682 quem
438 3633 465 3668 se
478 3619 576 3668 misisse
587 3618 729 3668 testabatur
741 3632 767 3682 »3
780 3619 909 3682 respondit
920 3618 996 3668 verbo
1009 3624 1099 3680 tanton,
1113 3631 1162 3668 non
1175 3617 1286 3669 litteris?

382 3705 418 3768 (2)
436 3704 509 3754 Lisez
519 3704 656 3754 accederet.
1107 3732 1109 3734 -

381 3791 419 3856 (3)
435 3789 509 3838 Selon
521 3791 593 3839 duee
606 3801 637 3838 oe
649 3789 765 3850 Vrrenae,
776 3790 822 3840 eol.
837 3789 908 3850 liat,
922 3803 950 3840 ee
962 3789 1001 3840 lut
1014 3788 1089 3840 bouis
1101 3790 1133 3840 de
1146 3791 1260 3840 eouroon
1271 3791 1314 3853 qui
1328 3792 1380 3854 prit

349 3876 373 3928 la
384 3875 469 3940 parole
480 3886 662 3937 pourengager
674 3873 795 3924 Onutrius
807 3874 820 3922 a
833 3887 861 3924 se
870 3875 962 3924 rendre
970 3875 1061 3937 aupres
1073 3875 1105 3925 de
1117 3875 1228 3926 Charles.
1266 3883 1269 3887 ·

383 3963 418 4029 (i)
436 3962 507 4013 Lisez
517 3961 669 4013 redderetur
680 3969 714 4022 et,
727 3962 788 4012 trois
798 3961 877 4024 lignes
889 3959 945 4024 plus
958 3962 1016 4022 toln,
1027 3963 1152 4013 redderet.
