3088 4926
594 466 677 559 (7¹¹
710 469 722 554 l

99 613 101 618 '
137 607 275 688 pluribus
300 607 364 666 aliis
389 607 537 666 canonicis
563 617 591 666 et
617 607 810 667 ecelesiarum
840 611 992 686 patribus,
1023 610 1172 676 nobilibus

135 728 256 787 quoque
272 719 301 768 et
315 726 468 768 armorum
481 707 643 787 capitaneis
660 709 688 766 in
707 708 823 788 copiosa
838 711 1040 785 multitudine,
1054 711 1082 770 in
1096 711 1173 771 hanc

135 810 313 872 sententiam
330 809 442 889 legatus
463 827 586 869 exorsus
609 819 662 880 est,
684 808 720 868 ad
743 810 915 888 episcopum
939 823 968 872 et
990 832 1060 874 suos
1081 812 1171 872 verba

148 911 289 988 lirigens:

145 1078 147 1085 Ι
171 1032 189 1068 a
202 1013 337 1070 Extrema
345 1011 407 1088 jam
415 1008 476 1069 dics
487 1007 579 1079 adest,
588 1010 988 1072 reverendeacvencrabiles
1001 1021 1100 1090 patres
1110 1030 1172 1072 vos·
1183 1028 1270 1093 sermo·
1299 1025 1367 1084 regau
1400 1023 1428 1070 ad

137 1135 156 1170 a
171 1131 231 1190 que
246 1111 376 1190 insignes
392 1109 459 1184 viri,
474 1121 525 1169 aut
540 1119 641 1188 optate
655 1113 733 1189 pacis
751 1113 851 1190 (quam
866 1116 943 1174 Deus
957 1113 1043 1173 nobis
1056 1111 1173 1192 donct!)
1234 1095 1376 1148 ΜΡΝ·

138 1235 156 1270 a
172 1221 224 1272 aut
236 1221 379 1293 perpetue
392 1210 580 1271 desolationis
593 1211 694 1271 inclite
705 1213 832 1273 civitatis
844 1226 872 1275 et
887 1214 982 1291 patrie
996 1213 1174 1284 leodiensis,

138 1336 156 1371 a
172 1325 252 1374 certe
270 1311 397 1390 lugende
412 1316 513 1388 (quam
531 1313 609 1372 Deus
625 1321 740 1371 avertat
752 1314 770 1388 l)
785 1314 932 1374 Ommieto
947 1316 1092 1393 replicare
1112 1312 1173 1373 dis-

138 1435 156 1471 »
172 1412 296 1484 cordias,
312 1412 387 1471 bella
408 1421 437 1471 et
452 1410 549 1471 clades
569 1412 726 1487 pristinas,
742 1433 815 1490 quas
833 1415 975 1492 utrinque
990 1415 1068 1494 passi
1092 1414 1175 1488 estis,

138 1537 156 1572 u
172 1515 242 1592 quia
257 1531 332 1592 eque
353 1513 437 1573 vobis
460 1523 489 1571 et
515 1512 588 1572 milii
611 1524 681 1573 nota
706 1523 786 1574 sunt,
808 1516 1018 1574 Sanctissimus
1033 1515 1173 1575 dominus

139 1637 157 1671 a
174 1623 276 1675 noster
292 1613 400 1673 Paulus
416 1614 453 1685 Il,
466 1613 599 1692 pontifex
612 1613 769 1685 maximus,
784 1634 900 1674 summe
918 1616 984 1692 pius
1000 1625 1029 1674 et
1044 1616 1174 1675 clemens

139 1739 157 1774 a
174 1717 238 1794 paci
262 1715 393 1775 universi
409 1714 490 1774 orbis
503 1715 615 1793 jugiter
630 1715 800 1788 intendem,
817 1717 957 1776 misertus
973 1717 1173 1777 calamitatum

140 1841 157 1875 a
175 1819 270 1898 patrie
281 1816 384 1895 hujus,
397 1816 477 1874 misit
490 1834 536 1875 me
548 1816 629 1894 (licet
642 1817 871 1877 insufficientem
885 1827 913 1876 et
926 1819 1082 1876 minimum
1097 1819 1176 1878 inter

141 1943 159 1978 a
176 1939 230 1981 suo
245 1921 418 1978 assistentes
433 1917 531 1994 lateri)
548 1929 580 1976 ut
596 1917 693 1996 primo
706 1917 820 1977 animas
836 1937 940 1979 eornm
957 1928 986 1977 et
999 1929 1111 1978 vestras
1123 1936 1174 1977 sua

141 2043 160 2080 n
177 2021 285 2099 pietate
300 2031 329 2078 et
345 2017 521 2079 auctoritate
532 2018 569 2076 ab
584 2027 686 2078 eterna
699 2018 890 2079 damnatione
905 2020 1064 2098 eriperem,
1078 2028 1176 2098 prout,

143 2143 161 2179 a
177 2119 341 2181 reverende
357 2132 449 2196 pater,
469 2119 526 2178 tuis
542 2127 572 2177 et
592 2119 719 2178 aliorum
735 2121 875 2196 precibus
897 2121 992 2182 victus
1013 2120 1078 2194 leci,
1094 2106 1177 2180 nullo

143 2244 162 2278 r>
178 2221 262 2282 vobis
281 2238 373 2280 onere
394 2208 540 2297 injuncto.
565 2221 701 2295 Demum,
724 2239 791 2279 eum
814 2221 1022 2298 frequentibus
1048 2219 1178 2298 querelis

143 2345 161 2380 „
178 2324 236 2382 tuis
249 2333 278 2381 et
293 2321 468 2380 clericorum
483 2331 603 2378 tuorum
615 2339 648 2378 ao
661 2322 751 2381 totius
764 2322 860 2399 patrie
873 2319 994 2380 lletibus
1006 2321 1176 2399 gravamina

143 2446 161 2481 a
177 2421 402 2494 intollerabilis,
422 2420 630 2480 demolitiones
649 2441 817 2497 murorum,
835 2423 1061 2499 occupationem
1080 2420 1176 2479 domi·

144 2547 161 2583 a
177 2525 218 2584 nii
234 2533 264 2582 et
280 2522 480 2599 jurisditionis
501 2523 622 2582 ecclesie
645 2524 814 2583 leodiensis
836 2524 1053 2602 intelligerem,
1076 2523 1133 2582 tuis
1148 2536 1178 2582 et

143 2649 161 2683 u
177 2611 310 2704 ipsorum
328 2623 467 2702 precibus
482 2623 605 2698 ductuS,
630 2625 666 2681 ad
689 2624 835 2684 illustrem
852 2624 1017 2701 principem
1038 2623 1176 2682 Carolum

144 2749 161 2785 a
177 2724 349 2804 Burgundio
364 2725 471 2784 ducem
487 2724 597 2783 accessi
611 2725 733 2804 Brugis;
748 2723 828 2802 apud
843 2742 933 2802 qoem
950 2734 979 2784 ct
994 2743 1063 2783 suos
1081 2722 1177 2782 tribus

143 2828 330 2889 »mensibus
353 2845 424 2908 quas
448 2845 550 2898 curm,
570 2826 798 2899 sollicitudines,
821 2825 953 2900 labores,
975 2825 1177 2884 exortationes

143 2953 161 2988 a
178 2930 351 3004 habuerim,
372 2929 481 3009 partim
504 2939 533 2988 te
552 2940 705 3006 presente,
721 2937 752 2987 tu
773 2940 801 2988 et
821 2928 878 3007 ipsi
894 2931 934 3003 (ll
957 2930 1068 3006 optime
1089 2927 1177 2988 nosti.

144 3031 346 3092 »Meminisse
369 3039 451 3108 potes
472 3040 502 3090 et
521 3030 611 3090 debes
636 3049 693 3108 que
719 3027 809 3090 verba
834 3029 949 3089 iruerint
976 3026 1123 3088 Bruxellis
1146 3029 1177 3089 in
1212 3086 1216 3094 ,

144 3156 162 3192 >r
179 3151 271 3213 parvo
286 3131 416 3216 oratorio
430 3130 523 3206 ducis,
539 3131 730 3209 interipsum
746 3131 862 3202 ducem,
880 3142 907 3190 te
919 3143 949 3189 et
964 3149 1023 3202 me,
1038 3137 1178 3207 presente

144 3257 162 3293 a
178 3234 299 3294 domiuo
314 3231 536 3310 archiepiscopo
549 3231 751 3310 lugdunensi,
763 3249 905 3310 germano
920 3242 983 3302 tuo,
1004 3241 1033 3288 et
1050 3230 1122 3306 qnid
1137 3229 1178 3289 ibi

144 3359 162 3395 a
177 3336 351 3396 conclusum
375 3332 465 3392 luerit
482 3352 536 3409 pro
551 3352 668 3394 recessu
690 3341 809 3406 nostr03
831 3342 875 3406 et,
898 3339 1055 3410 postquam
1073 3349 1087 3388 a
1104 3330 1178 3389 duee

145 3461 163 3496 a
180 3436 268 3498 simul
284 3421 426 3496 rediimus
443 3436 594 3509 Leodium,
609 3435 681 3512 quid
697 3446 811 3496 secrete
827 3443 986 3495 tractatum
1002 3433 1039 3492 sit
1054 3433 1083 3491 in
1097 3432 1178 3512 eapi-

146 3561 164 3599 >›
180 3539 243 3600 tulo
258 3540 336 3598 inter
352 3548 450 3616 patres
465 3535 585 3615 majoris
601 3536 737 3611 ecclesie,
754 3545 892 3615 presente
913 3546 942 3594 te
963 3542 993 3594 et
1016 3552 1080 3598 me,
1094 3533 1179 3612 igno-

146 3662 164 3698 »
181 3659 247 3700 rare
267 3657 327 3698 non
350 3649 442 3717 potes.
465 3640 612 3711 Domum,
635 3644 792 3714 postquam
813 3635 844 3694 hi
866 3635 916 3712 qui
939 3642 1026 3693 erant
1047 3652 1063 3691 a
1084 3632 1178 3710 putria

147 3741 282 3800 >reicies
307 3737 433 3819 ingressi
457 3749 528 3799 sunt
552 3739 710 3808 civitatem,
741 3755 813 3812 quas
839 3755 936 3806 curas,
965 3752 1038 3810 quos
1063 3733 1179 3791 labores

1006 3879 1172 3890 —..-—--

181 3965 217 4028 tt)
236 3966 378 4028 lisezipse.
