3126 4906
812 419 966 516 (ras)

372 564 458 625 rediit
483 561 624 622 heraldus
646 561 683 620 ad
708 561 856 641 civitatem
883 561 979 638 pridie
1006 562 1113 622 missus
1135 581 1171 622 ex
1199 565 1325 644 Beyrses
1344 565 1411 646 (qui

357 661 505 726 'cellulam
535 662 614 722 illam
647 679 700 738 pcr
729 661 935 720 marescallum
964 679 1032 720 cum
1066 662 1169 738 legatis
1199 663 1411 726 Leodiensium

370 767 492 839 editam,
506 766 543 824 de
558 761 778 823 conditionibus
796 760 886 840 pacis,
900 760 1012 820 civitati
1031 761 1201 844 detulerat),
1217 765 1410 842 responsivas

371 867 484 938 litteras
497 865 592 943 legato
604 872 633 923 et
643 863 783 942 episcopo
795 861 929 922 referens
941 861 970 920 in
984 861 1060 922 banc
1072 866 1263 940 sententiam,
1274 865 1386 926 scilicet
1399 885 1406 925 :

371 990 389 1025 (ι
413 969 531 1026 Placere
542 964 652 1024 civitati
668 974 699 1023 ut
714 962 903 1023 marescallus
918 961 1038 1042 pacifice
1052 962 1082 1023 in
1099 983 1188 1025 uuam
1204 977 1320 1044 partem
1331 966 1407 1026 civi-

371 1069 439 1128 tatis
468 1066 655 1146 ingrediatur
682 1082 751 1124 curn
781 1063 1007 1143 quadringentis
1043 1064 1195 1142 equitibus
1223 1078 1255 1127 et
1282 1067 1408 1129 totidem

371 1167 534 1249 peditibus,
563 1177 656 1244 utque
684 1165 798 1243 legatus
822 1176 851 1225 et
871 1164 1031 1244 episcopus
1051 1184 1120 1226 cum
1145 1185 1180 1228 eo
1205 1167 1345 1228 venirent
1369 1167 1409 1229 de

371 1271 466 1331 modis
478 1282 508 1328 et
519 1265 739 1328 conditionibus
752 1267 832 1345 pacis
844 1267 999 1326 tractaturi
1016 1288 1044 1340 u,
1056 1278 1085 1327 et
1101 1268 1194 1328 multa
1209 1269 1263 1329 alia
1279 1270 1309 1328 in
1325 1269 1409 1328 bunc

370 1370 525 1440 effectum
543 1367 745 1447 rogabantque
759 1367 973 1426 instantissime
989 1367 1118 1445 legatum
1137 1379 1167 1428 et
1181 1369 1357 1448 episcopum
1373 1380 1411 1430 ut

366 1474 451 1551 juxta
467 1471 556 1532 fidem
569 1470 667 1529 datam
682 1469 719 1528 ud
736 1468 885 1528 civitatem
899 1466 1040 1529 redirent.
1057 1470 1117 1528 lloc
1132 1488 1276 1548 responso
1289 1488 1344 1548 per
1354 1462 1408 1531 eoo

369 1582 481 1651 spreto,
496 1572 653 1650 episcopus
668 1580 697 1629 et
712 1553 932 1629 llumbcrcourt
948 1587 1015 1628 curn
1031 1568 1154 1631 cohorte
1167 1589 1227 1630 una
1245 1569 1282 1630 ad
1297 1571 1407 1633 ducem

371 1671 516 1752 proficisci
547 1670 743 1740 festinabant;
769 1669 821 1729 sed
846 1669 987 1749 quoniam
1009 1681 1128 1748 tempus
1145 1669 1207 1747 jam
1233 1671 1406 1749 proximum

370 1783 434 1834 erat
450 1784 479 1834 et
494 1790 601 1851 parum
616 1781 774 1850 supererat,
786 1771 873 1849 spatii
888 1788 947 1846 qno
965 1769 1194 1844 Humbereourt,
1209 1771 1295 1849 juxta
1314 1770 1406 1834 iidem

371 1875 408 1933 de
420 1873 590 1952 captivitate
600 1891 654 1932 sua
666 1871 696 1930 in
709 1871 834 1948 Tungris
846 1871 957 1942 datam,
967 1869 1002 1928 ad
1015 1869 1195 1930 destinatum
1209 1871 1410 1952 locum(vide·

373 1977 440 2036 licet
457 1975 608 2048 llcntiort)
625 1992 657 2033 se
675 1984 849 2051 presentare
870 1973 899 2030 in
921 1982 1096 2049 potestatem
1115 1972 1238 2032 loannis
1256 1972 1310 2032 der
1324 1973 1406 2048 Vild,
1460 1963 1463 1966 ⁵

373 2075 485 2148 militis,
507 2075 553 2133 cui
575 2073 665 2133 fidem
688 2092 742 2153 pro
763 2093 795 2134 se
816 2073 953 2145 dederat,
976 2073 1175 2138 necessarium
1197 2085 1262 2133 erat
1282 2073 1319 2133 ed
1341 2078 1406 2134 evi·

372 2177 492 2236 laudam
515 2175 692 2254 proditionis
714 2175 860 2234 maculam
881 2173 931 2255 (l),
954 2175 1069 2253 rogavit
1089 2172 1237 2234 instanter
1257 2174 1404 2253 legatum,

368 2278 541 2356 episcopum
557 2288 586 2338 et
601 2279 724 2354 Bergem
741 2286 774 2335 ut
785 2276 883 2336 eidem
897 2275 1002 2335 ioanni
1018 2275 1103 2334 militi
1119 2275 1284 2336 scriberent
1299 2287 1332 2338 ut
1349 2296 1406 2356 per

369 2397 437 2452 suas
453 2378 566 2438 litteras
584 2376 803 2436 llumbcrcourt
816 2396 832 2434 a
853 2373 911 2435 lide
926 2376 992 2434 data
1007 2388 1037 2435 et
1052 2376 1223 2454 captivitate
1237 2376 1379 2438 liberaret
1394 2397 1402 2438 ε

370 2478 502 2558 polliceri
523 2496 555 2537 se
576 2495 631 2554 pro
653 2477 747 2536 salute
771 2476 836 2554 ejus
857 2488 887 2535 ct
910 2494 1032 2535 suorum
1055 2475 1153 2535 omnia
1177 2475 1274 2537 facere
1298 2477 1403 2554 queis

369 2578 510 2656 petiisset.
537 2577 623 2636 Misso
652 2576 743 2654 igitur
764 2594 830 2635 cum
856 2575 902 2635 bis
924 2573 1021 2635 tribus
1050 2576 1156 2636 litteris
1185 2576 1223 2636 ad
1251 2577 1401 2640 civitatem

369 2679 517 2756 rrumptio,
536 2695 604 2736 cum
623 2676 688 2736 aliis
707 2677 795 2736 etiam
816 2676 921 2736 litteris
935 2676 972 2736 ad
987 2675 1065 2735 cives
1081 2698 1098 2733 ιι
1116 2688 1149 2737 ut
1163 2689 1266 2756 gentes
1281 2679 1403 2756 pacifice

368 2777 484 2858 ingredi
498 2778 647 2837 civitatem
663 2777 796 2836 sinerent
809 2794 863 2856 pro
877 2776 1014 2857 ipsorum
1029 2776 1134 2856 majori
1150 2777 1228 2840 bono
1244 2800 1273 2850 u,
1288 2779 1404 2860 episco-

365 2899 422 2957 pus
444 2888 474 2938 et
496 2878 715 2939 llumberecurt
736 2878 812 2937 circa
835 2878 905 2937 solis
927 2896 1064 2938 occasum
1086 2877 1124 2938 ad
1146 2878 1252 2940 ducem
1274 2881 1402 2958 profecti

365 2992 448 3053 snut,
472 2979 696 3042 remanentibus
718 2980 748 3039 in
771 2979 908 3038 comitiva
924 2977 1010 3058 legati
1025 2979 1155 3040 loannes
1170 2979 1212 3062 (2)
1226 2981 1264 3042 de
1282 2984 1401 3060 Berges,

364 3080 393 3140 d.
406 3080 442 3139 de
455 3081 557 3160 Piages
568 3091 598 3138 et
609 3080 696 3138 certis
711 3079 776 3138 aliis
791 3078 956 3152 nubilibus;
971 3081 1148 3157 rogavitque
1159 3081 1274 3160 legatus
1286 3082 1401 3159 episco-

366 3199 439 3258 pum
464 3189 493 3240 et
520 3179 740 3240 llumbcreourt
761 3202 779 3238 κ
802 3189 834 3239 ut
856 3178 923 3239 duci
947 3180 1096 3240 referrent
1117 3200 1177 3260 que
1198 3195 1281 3262 gesta
1303 3192 1402 3258 crant,

364 3299 536 3359 cupercque
550 3300 582 3340 sc
597 3279 708 3340 habere
722 3280 913 3357 conloquium
930 3299 1041 3356 secum,
1062 3295 1092 3343 et
1112 3295 1143 3342 ut
1162 3283 1246 3343 ducis
1267 3293 1400 3346 mentem

364 3381 420 3441 sibi
437 3381 586 3442 reierrent
602 3383 630 3442 in
647 3382 745 3442 reditu
763 3403 789 3442 u.
1472 3375 1474 3380 ’

404 3481 484 3542 Misit
498 3500 619 3560 quoque
634 3483 746 3560 legatus
767 3492 834 3561 post
859 3502 908 3544 eos
933 3485 1104 3562 numptium
1130 3504 1218 3546 strum
1245 3485 1400 3564 publicum

362 3584 455 3643 armis
484 3584 631 3661 pontilicis
660 3583 782 3644 maximi
811 3586 894 3645 Pauli
923 3585 1098 3664 insignitum
1128 3605 1197 3647 cum
1225 3587 1332 3647 litteris
1361 3586 1401 3648 ad

398 3848 434 3908 (t)
451 3847 489 3898 Cf.
502 3849 639 3912 cbdessus,
651 3850 764 3912 pagena.

400 3933 435 3994 (d)
454 3934 525 3983 tisez
536 3932 662 3984 Joltonne.
