3088 4926
588 440 744 538 (tas)

149 575 320 636 »relationi
342 575 433 634 vestri
453 575 618 654 cappellani
640 573 783 634 adbibere
802 573 965 637 indubiam.
981 578 1180 640 Reverendis-

148 698 167 733 »
182 678 256 737 sime
266 684 362 754 pater,
373 674 541 736 ditissimus
553 694 605 736 vos
617 680 789 736 conservati
802 679 842 735 Ex
854 677 965 755 oppido
976 678 1012 738 de
1025 679 1179 760 leuvolt),

150 799 169 834 s
184 796 222 837 xx
238 777 376 837 octobris.
392 798 411 833 >r

190 880 228 936 Ea
251 896 310 954 que
331 878 436 952 Simon
451 877 629 938 secretarius
650 876 745 957 iegato
774 879 899 938 multum
925 880 1016 940 ardua
1041 882 1180 945 mandato

119 1047 120 1052 η
150 977 233 1037 ducis
252 977 444 1056 expositurus
465 986 538 1050 erat,
556 977 652 1036 eidem
679 977 789 1036 loanni·
801 978 924 1039 Alteiast
939 981 1111 1058 cappellano
1126 1002 1181 1062 per

149 1097 217 1138 enm
233 1079 358 1148 detecta,
371 1078 425 1137 bec
437 1079 466 1136 in
480 1077 587 1139 effectu
603 1079 707 1170 inere:
723 1101 741 1136 u
757 1079 905 1139 lllustrom
921 1081 1026 1141 ducem
1045 1085 1180 1164 liurgnn·
1221 1075 1224 1081 ’

148 1178 196 1238 die
208 1181 244 1239 ad
257 1181 385 1258 legatum
398 1179 534 1238 celeriter
548 1179 646 1258 ipsum
663 1179 788 1255 misisse,
806 1181 1027 1243 notificaturutn
1043 1185 1070 1243 ei
1084 1186 1180 1262 quali-

150 1289 197 1340 ter
210 1299 315 1340 omnes
330 1279 367 1339 de
381 1299 435 1339 suo
450 1281 596 1354 exercitu,
611 1291 641 1339 et
656 1283 783 1339 maxime
802 1282 854 1357 qni
874 1282 902 1341 in
922 1285 1048 1364 Tongris
1069 1305 1085 1344 a
1108 1287 1179 1346 beo-

150 1381 304 1440 diensibus
320 1392 405 1440 nocte
419 1380 562 1458 aggressi,
579 1378 671 1458 fugati
687 1392 715 1440 et
730 1381 845 1460 spoliati
862 1382 980 1442 iuerant
995 1393 1024 1444 et
1039 1385 1135 1446 salvos
1149 1407 1179 1448 se

150 1482 358 1554 reddiderant,
385 1500 448 1540 esse
470 1493 572 1541 contra
598 1482 727 1560 legatum
755 1483 830 1542 male
854 1483 1013 1561 dispositos
1038 1485 1181 1565 illumque

150 1584 296 1644 insultum
318 1602 372 1642 suo
393 1596 423 1643 et
441 1583 572 1661 episcopi
594 1584 718 1643 consilio
737 1593 766 1643 et
786 1583 974 1645 ordinatione
987 1594 1086 1648 actum
1101 1587 1180 1668 (licet

150 1686 214 1762 ipso
239 1683 422 1743 contrarium
446 1684 536 1743 sciret
558 1703 594 1744 ex
619 1683 726 1742 litteris
751 1683 864 1743 domini
885 1685 921 1746 de
942 1682 1130 1748 Hubercourt
1151 1697 1181 1748 et

149 1785 228 1845 clare
247 1783 441 1844 intellexisset
460 1783 497 1842 ita
519 1801 578 1842 non
600 1801 688 1844 esse:
711 1783 770 1842 imo
792 1783 923 1866 legatum
944 1803 1061 1846 summo
1083 1786 1180 1848 studio

147 1905 206 1965 ,pro
228 1905 282 1944 sua
302 1894 332 1944 et
352 1886 487 1946 omnium
508 1884 736 1962 burgundorum
759 1884 853 1944 salute
874 1885 1023 1947 laborasse
1041 1900 1070 1948 et
1089 1887 1180 1949 inisse

138 1989 300 2066 ,anxiump
316 1988 367 2047 sed
382 1987 523 2065 quoniam
538 1998 641 2066 gentes
652 1987 840 2046 etenercitus
852 1989 951 2066 niagni
963 2000 1033 2049 sunt
1044 1999 1074 2050 et
1085 1988 1181 2051 diver·
1242 2057 1245 2063 ,

151 2107 252 2148 sarum
275 2087 429 2148 nationum
451 2099 480 2146 et
502 2088 701 2162 voluntatum,
715 2099 744 2148 et
760 2107 850 2166 parva
866 2087 939 2150 fides
954 2109 986 2149 ac
1003 2091 1096 2169 pietas
1110 2093 1182 2154 viris

152 2191 204 2266 qui
218 2200 311 2250 castra
327 2202 504 2266 sequuntur,
525 2190 653 2267 legatum
670 2188 706 2248 ab
722 2188 768 2248 his
783 2189 839 2249 sibi
854 2191 1019 2250 cavendum
1041 2194 1181 2269 quoniam

153 2289 190 2350 ab
205 2289 253 2348 bis
266 2287 377 2348 offendi
393 2298 445 2348 aut
458 2289 516 2348 ledi
532 2301 640 2366 posset,
656 2299 685 2348 et
700 2287 742 2370 (⁹2)
757 2289 826 2348 duei
842 2309 1034 2370 summopere
1045 2293 1183 2372 displice-

152 2400 199 2451 ret
210 2413 237 2450 ».
249 2389 429 2468 Aditumque
441 2391 619 2468 (blinsuper
634 2405 678 2452 est
694 2411 747 2470 per
762 2391 917 2452 dominum
933 2393 970 2452 de
986 2393 1184 2457 Umbcrconrt

151 2492 264 2552 etalios
274 2492 459 2552 'consiliarios
472 2491 555 2552 ducis
566 2493 617 2568 qui
628 2511 727 2552 secum
739 2504 835 2566 erant,
848 2515 864 2551 u
877 2492 956 2570 quod
973 2494 1084 2572 legatus
1100 2479 1182 2558 nullo

149 2594 239 2654 modo
253 2593 290 2652 ad
304 2591 410 2653 ducem
425 2593 564 2654 accedere
579 2602 754 2671 temptaret,
770 2604 804 2652 ut
818 2591 892 2653 lama
908 2605 985 2666 erat,
1000 2595 1141 2671 qnoniam
1157 2599 1183 2658 si

149 2695 290 2776 gentibus
305 2693 389 2753 ducis
403 2693 537 2753 obviaret
552 2693 591 2752 ita
607 2693 683 2753 male
698 2693 855 2770 dispositis,
871 2695 1035 2772 periculum
1052 2708 1129 2757 esset
1144 2716 1182 2757 ne

151 2796 189 2856 ab
214 2793 498 2868 bisolicnderctur,
524 2793 639 2853 etiamsi
665 2795 837 2872 episcopum
863 2793 1055 2856 Leodiensem
1081 2816 1181 2857 secum

152 2896 277 2957 baberet
288 2896 437 2968 comitem,
448 2914 515 2954 cunt
528 2896 592 2973 ipse
603 2894 692 2954 etiam
706 2896 735 2954 in
748 2895 851 2955 eadem
866 2896 1029 2976 suspitione
1040 2897 1120 2976 apud
1132 2915 1183 2958 eos

152 3007 244 3072 esset3
257 2997 396 3077 quodque
408 2997 432 3056 si
444 2996 546 3056 civitas
562 2995 731 3056 Leodiensis
744 2997 772 3055 vi
785 3005 1034 3076 expugnaretura
1047 2999 1183 3078 Burgun-

151 3098 208 3174 dis,
222 3098 476 3158 consultissimum
491 3097 586 3175 legato
601 3097 677 3158 loret
701 3108 734 3158 ut
756 3117 771 3158 a
795 3098 914 3158 civitate
934 3098 1063 3174 abesset,
1085 3098 1183 3176 aliquo

151 3201 269 3278 quesito
284 3201 396 3274 colore,
412 3219 449 3261 ne
464 3199 566 3260 sevitia
582 3199 711 3259 lurentis
725 3199 874 3260 exercitus
890 3219 947 3260 una
962 3219 1030 3261 cum
1045 3201 1110 3261 aliis
1124 3201 1184 3282 gla-

152 3303 202 3362 dio
223 3301 491 3361 interficeretur».
515 3302 575 3360 llac
595 3301 738 3360 relatione
760 3300 917 3375 intellecta,
939 3301 1060 3379 legatus,
1080 3311 1183 3363 vocato

73 3417 75 3422 ’
152 3403 189 3464 ad
210 3421 241 3463 se
261 3420 394 3462 seorsum
417 3403 555 3481 episcopo
577 3419 611 3461 ac
632 3419 734 3462 seeum
757 3401 939 3462 subridens:
960 3423 977 3460 u
993 3403 1062 3475 Hoc,
1077 3402 1184 3480 inquit,

154 3505 327 3566 »meritum
349 3503 444 3564 babeo
465 3503 503 3563 ab
523 3502 571 3562 bis
591 3521 666 3581 quos
689 3504 720 3562 in
740 3503 876 3584 Tongris‚
900 3514 928 3564 te
949 3513 1096 3582 presente,
1118 3521 1182 3563 mea

153 3627 171 3662 »
185 3604 385 3677 exortatione,
400 3603 586 3678 anctoritate,
604 3604 752 3683 presentia
767 3613 797 3664 et
810 3622 901 3682 opere
915 3605 1011 3665 salvos
1027 3604 1091 3664 ieci.
1106 3602 1183 3663 Audi

183 3869 222 3934 (ll
238 3870 432 3921 Probablement
446 3870 519 3934 beau,
530 3883 628 3921 comme
639 3870 777 3934 ci-dessus,
788 3883 851 3935 page
863 3870 919 3921 109.

184 3959 220 4022 tbi
239 3957 311 4008 bisen
322 3957 391 4023 quod
401 3970 435 4006 ou
446 3960 470 4006 et
481 3956 517 4006 id.

152 4069 154 4074 ·
184 4044 221 4107 (ὅ)
240 4043 312 4094 bisen
325 4042 504 4110 Additamque.
