3088 4926
164 608 181 642 n
198 597 243 644 est·
261 596 363 645 contro
383 587 561 646 sententiam
582 589 742 666 apostolice
758 586 835 646 sedis
852 603 941 663 quam
959 583 1139 642 unanimiter
1153 602 1201 642 ac·
1238 640 1239 643 ,

163 709 181 742 n
198 672 352 765 ceptastis,
373 705 435 747 non
456 698 576 766 oportet
595 689 721 749 ulterius
744 695 872 748 tractare
889 685 925 745 de
941 703 1022 763 pace.
1037 685 1102 745 Non
1119 683 1200 744 enim

160 811 178 844 n
196 808 228 848 se
244 808 401 868 passurum
417 789 527 867 aliquid
549 791 667 852 detrahi
687 791 836 851 sententie
858 787 1026 866 apostolico.
1046 807 1064 843 n
1083 785 1127 846 Ad
1145 786 1201 846 hec

163 908 340 969 proceres«
362 909 393 950 sc
423 896 482 950 non
509 891 585 952 velle
612 892 777 971 intringere
802 888 992 968 apostolicam
1019 887 1199 947 sententiam

162 1008 252 1066 quam
273 991 364 1050 semel
385 999 629 1068 acceptaverunt,¹
650 992 700 1051 sed
718 992 795 1051 ultra
811 991 892 1050 illam
908 987 1199 1073 sententiammulta

163 1091 410 1170 insubportabilia
437 1111 527 1151 onera
555 1093 647 1153 luisse
671 1094 713 1153 eis
743 1091 880 1172 imposita
906 1089 1068 1170 paraliam
1092 1089 1200 1168 legem,

163 1209 222 1267 que
244 1192 382 1252 tollerare
398 1211 457 1251 non
475 1203 627 1270 poterant,
643 1194 695 1254 scd
711 1192 862 1252 emendari
879 1203 909 1251 et
923 1190 1032 1268 corrigi
1048 1201 1198 1269 oportere,

162 1293 185 1350 si
210 1311 265 1370 pax
286 1292 466 1370 perficienda
489 1295 526 1354 sit
538 1315 565 1354 a.
581 1295 730 1372 Requisiti
746 1306 817 1354 sunt
837 1303 869 1352 ut
888 1308 1066 1370 responsum
1085 1291 1198 1350 clarum

161 1393 323 1452 resolutive
340 1392 460 1466 darent3
477 1406 557 1469 tunc,
573 1394 647 1454 inito
659 1395 740 1468 inter
750 1414 782 1454 se
795 1394 927 1468 consilio,
939 1392 976 1452 ad
987 1392 1118 1471 legatum
1131 1409 1199 1452 ves-

162 1511 235 1570 pere
253 1493 411 1552 redeuntes
427 1493 481 1554 hec
497 1496 720 1572 responderunt
736 1494 773 1554 ad
791 1482 966 1574 petitionem
983 1491 1133 1570 episcopi:

193 1616 222 1650 -«
238 1595 280 1653 Ad
296 1595 426 1671 primum
442 1596 611 1670 articulum,
628 1608 660 1657 ut
672 1598 773 1656 exules
789 1597 940 1655 civitatem
952 1594 1069 1653 exirent
1084 1593 1121 1653 ad
1135 1593 1198 1652 loca
1214 1599 1342 1667 Responsio
1376 1600 1460 1667 cuiun

164 1696 316 1774 deputata,
338 1708 409 1757 etc:
429 1698 509 1777 ipsos
533 1717 593 1758 non
617 1698 682 1758 lore
707 1699 808 1758 exules
836 1696 927 1756 factos
948 1715 1001 1774 per
1019 1694 1199 1755 sententiam
1227 1657 1397 1782 ppolpptuupes
1412 1671 1460 1718 epi-

164 1798 355 1874 apostolicam
379 1818 433 1857 nec
454 1799 508 1876 p'cr
530 1801 659 1878 episcopi
674 1799 804 1859 liberum
815 1798 972 1877 judicium,
991 1795 1043 1855 sed
1058 1814 1113 1873 per
1135 1813 1201 1855 scn-

166 1899 289 1959 tentiam
306 1901 399 1973 ducis,
415 1911 480 1973 etc,
497 1913 529 1960 ut
543 1903 621 1961 clarc
636 1910 776 1978 apparet;
792 1919 850 1978 que
863 1901 942 1978 ipsos
959 1897 1124 1975 astringere
1138 1914 1199 1955 non

167 2009 279 2078 potest,
302 2019 382 2059 nunc
404 2002 531 2061 maxime
549 2021 621 2061 voum
643 2001 843 2061 obedientiam
867 2000 1005 2077 episcopo
1023 1997 1118 2077 parati
1140 1997 1200 2056 sint

166 2099 319 2169 exhibere,
329 2101 412 2178 juxta
424 2102 614 2182 apostolicam
628 2103 855 2174 sententiam,et
868 2112 901 2160 ut
911 2099 960 2159 alii
974 2100 1053 2158 cives
1064 2107 1093 2157 et
1105 2097 1200 2157 incole

168 2200 303 2260 fecerant
321 2211 389 2261 ante
405 2203 538 2280 ipsorum
561 2204 728 2270 redditum;
745 2222 799 2262 nec
820 2203 861 2264 eis
882 2209 981 2262 tutum
1001 2219 1065 2259 esse
1088 2199 1125 2258 ad
1145 2197 1200 2258 alia

166 2304 226 2360 loca
240 2303 394 2363 subsolius
403 2305 532 2383 episcopi
545 2305 604 2365 fide
616 2318 645 2364 et
659 2305 818 2364 securitate
835 2303 973 2382 migrare,
984 2319 1052 2360 cum
1064 2300 1095 2359 in
1107 2299 1200 2379 ipsius

168 2412 310 2482 potestate
330 2423 390 2489 non
411 2417 489 2464 esset
508 2407 696 2466 securitatem
719 2405 801 2481 dare,
817 2404 919 2462 multis
939 2421 1044 2462 eorum
1064 2401 1200 2461 hostibus

170 2505 309 2582 episcopo
324 2526 384 2566 non
401 2507 527 2568 subditis
547 2507 627 2586 apud
642 2526 710 2566 eum
728 2505 917 2566 manentibus
932 2513 961 2563 et
980 2501 1204 2582 prevalentibus

169 2607 243 2683 ipso,
264 2617 353 2685 prout
372 2609 507 2686 proxime
528 2609 637 2668 lactum
661 2608 759 2668 suerat
779 2627 832 2685 per
847 2606 983 2665 dominos
1003 2603 1040 2663 de
1053 2605 1203 2682 Argental,

168 2705 225 2765 sub
240 2708 370 2786 episcopi
393 2707 453 2767 fide
472 2717 501 2767 et
517 2709 684 2780 securitate,
705 2709 798 2783 captis
813 2706 928 2770 civibus
945 2705 1131 2779 oratoribus3
1148 2723 1203 2783 pro

169 2806 283 2867 honore
297 2816 394 2867 tamen
407 2809 536 2888 episcopi
552 2817 582 2868 et
594 2809 771 2878 reverentia,
785 2807 887 2866 exules
899 2825 962 2866 csse
976 2814 1094 2884 paratos
1106 2815 1203 2866 trans·

168 2907 249 2967 serre
264 2927 294 2968 se
309 2909 339 2967 in
357 2918 473 2988 partem
489 2909 616 2968 civitatis
631 2928 689 2986 que
704 2921 748 2967 est
764 2910 840 2967 ultra
857 2911 967 2967 Mosam
983 2907 1035 2984 (l),
1049 2915 1080 2964 et
1093 2905 1134 2965 ibi
1150 2924 1202 2964 cx-

169 3021 288 3088 pectare
309 3010 404 3071 donec
426 3030 479 3090 per
500 3011 630 3088 legatum
652 3019 681 3070 et
707 3011 879 3089 episcopum
905 3008 1090 3068 delliberatio
1117 3008 1202 3066 fieret
1270 3005 1271 3008 ’

169 3130 261 3189 super
273 3112 407 3190 ipsorum
422 3111 620 3171 restitutione.
636 3132 653 3167 u
671 3112 728 3170 llec
743 3112 855 3171 exules,

208 3233 225 3267 α
239 3211 282 3270 Ad
301 3211 466 3271 seeundum
487 3224 632 3291 punctum
651 3222 681 3271 et
696 3213 828 3286 tertium,
844 3211 894 3288 qui
911 3214 1081 3271 comuniter
1097 3228 1200 3269 omnes

167 3313 344 3392 contingunt
363 3315 400 3373 de
422 3315 659 3389 sequestratione
678 3313 806 3372 aliorum
823 3312 1018 3391 patriotarum
1038 3322 1067 3372 et
1082 3311 1200 3388 deposi-

168 3414 248 3473 tione
260 3425 288 3473 et
301 3414 460 3473 traditione
475 3432 628 3473 armorum
642 3425 671 3473 et
683 3412 860 3474 vexillorum
873 3432 880 3472 ε
892 3431 923 3472 se
938 3430 998 3471 non
1015 3411 1200 3484 consensisse

166 3518 270 3574 omnes
291 3533 389 3591 neque
410 3533 492 3573 arma
513 3515 677 3593 sumpsisse
696 3497 799 3574 contra
819 3515 991 3592 episcopum
1012 3525 1041 3572 et
1062 3512 1200 3589 patriam,

168 3615 219 3677 scd
232 3628 333 3676 contra
350 3617 486 3676 inimicos
501 3635 581 3690 suos,
596 3616 723 3694 patriam
738 3625 768 3675 et
779 3617 932 3676 ecclesiam
949 3615 1155 3692 opprimentes
1170 3622 1200 3671 et

168 3716 335 3796 redigentes
356 3718 386 3776 in
403 3726 579 3796 perpetuam
595 3717 808 3778 desolationem
824 3725 853 3775 et
869 3715 1062 3798 servitutem
1078 3721 1107 3772 et
1126 3713 1199 3790 ipsis

201 3946 236 4005 tt)
253 3946 318 3994 llans
329 3946 350 3994 le
359 3945 474 4006 quartier
484 3945 537 4007 qui,
549 3945 710 4007 aujourd'hai
721 3959 820 4006 encore,
829 3947 947 4010 s'appette
960 3947 1151 3997 Oetae-Meum.

251 4057 316 4110 titia.
333 4068 482 4111 ouurmus.
1103 4053 1120 4110 5
