3088 4926
22 931 24 992 ζ
72 979 75 985 s
137 923 238 972 insultus
268 923 382 972 Leodicn-

162 982 223 1030 sium
233 989 311 1030 contra
319 983 378 1030 Ton-

725 390 728 396 “
844 365 969 465 (90)

392 506 436 566 Ad
451 505 506 567 hec
519 507 649 586 legatus:
663 528 681 564 a
697 508 726 568 Si
747 507 850 568 venire
871 507 985 580 statuis,
1008 517 1035 567 tc
1055 508 1183 568 inlesum
1203 510 1366 572 conducam
1386 523 1414 573 et

394 629 410 663 »
434 608 585 668 reducam.
618 629 636 667 u
667 605 801 687 Dataque
835 607 963 667 vicissim
1000 608 1111 682 dextra,
1139 627 1256 671 summo
1288 612 1414 674 dituculo

391 709 479 770 ambo
503 710 652 771 civitatem
674 729 742 771 cnm
757 709 812 772 bae
828 719 971 789 potestate
993 710 1109 790 ingredi
1132 727 1362 793 proposuerunt,
1381 735 1414 777 eo

391 810 562 872 discedente
577 822 610 871 ut
625 811 779 874 residuum
795 813 889 873 noctis
905 814 996 891 quieti
1011 813 1126 874 darent.

434 913 529 973 Parvo
546 913 690 992 temporis
712 913 868 974 intervallo
883 913 971 990 (torte
990 912 1133 974 horarum
1150 913 1289 994 duarum)
1307 917 1421 995 elapso,

160 1052 215 1100 μθ,
235 1040 275 1088 uhi
291 1041 379 1101 togatus
391 1009 579 1085 leodienses,
594 1030 629 1071 cx
645 1012 800 1089 negatione
814 1011 1051 1072 salviconduetus
1068 1013 1164 1092 pridie
1178 1012 1253 1074 facta
1278 1027 1308 1075 et
1321 1019 1416 1077 conti-

92 1109 95 1116 *
162 1104 185 1144 ct
209 1097 330 1159 episcopus
354 1112 378 1146 e·

161 1162 221 1205 rant.

392 1130 453 1172 nuo
471 1122 655 1172 armatorum
670 1131 817 1172 concursu
833 1123 863 1174 et
877 1113 1061 1174 incremento
1074 1115 1150 1174 circe
1165 1115 1313 1176 civitatem
1334 1120 1417 1180 omni

389 1231 442 1291 spe
454 1212 611 1273 concordie
622 1221 650 1272 et
662 1214 741 1291 pacis
753 1212 877 1285 sublata
889 1214 1033 1273 insultum
1044 1225 1146 1275 contra
1158 1216 1281 1295 opidum
1291 1218 1415 1298 Tungris

389 1323 515 1392 egerunt
527 1312 693 1372 lortimanu
706 1323 735 1372 et
747 1315 854 1392 insigni
866 1314 1049 1393 audaciall);
1060 1333 1128 1375 nam
1139 1335 1321 1396 magnacum
1330 1319 1416 1380 silen-

291 1421 294 1426 '
390 1415 441 1490 tio,
453 1413 617 1474 interiectis
628 1413 767 1492 pontium
779 1415 905 1494 Tongris
915 1416 1088 1476 custodibus
1100 1427 1129 1476 et
1140 1418 1216 1476 vallo
1228 1419 1291 1477 sive
1301 1418 1416 1480 fossatis

392 1513 568 1574 transcensis
576 1513 651 1594 (erat
665 1515 745 1573 enim
758 1514 884 1592 opidum
896 1515 1021 1594 Tungris
1030 1517 1123 1578 muris
1132 1517 1276 1578 nudatum
1286 1521 1416 1599 peanr·

388 1614 499 1693 gundic
513 1614 619 1674 ducem
631 1633 712 1674 anno
725 1615 829 1692 elapso
841 1617 894 1696 (t),
904 1634 970 1675 eum
986 1617 1085 1694 ipsum
1101 1636 1155 1695 per
1169 1617 1270 1678 federa
1287 1619 1317 1680 in
1332 1639 1415 1680 suant

209 1743 213 1750 ¹
319 1720 320 1723 ’
387 1721 563 1792 potestatem
582 1715 757 1792 redegisset,
779 1715 830 1792 qui
854 1715 948 1793 pulcri
973 1728 1001 1775 et
1027 1717 1221 1777 vetustissimi
1247 1722 1359 1794 erent),
1385 1721 1414 1782 in

386 1815 518 1877 medium
535 1816 639 1896 oppidi
660 1815 759 1876 lorum
776 1816 902 1896 ingressi
917 1827 988 1876 sunt
1008 1827 1168 1895 antequam
1189 1821 1347 1897 quisquam
1365 1839 1415 1882 eos

387 1917 499 1978 sentire
520 1918 632 1976 nedum
655 1917 815 1996 probibere
837 1925 946 1996 posset,
967 1936 1034 1977 cnm
1053 1931 1152 1979 tamon
1168 1930 1269 1980 essent
1289 1940 1414 1983 numero

387 2019 522 2096 equitum
547 2016 756 2092 ducentorum,
780 2017 914 2097 peditum
939 2035 1011 2079 vero
1036 2018 1100 2080 lere
1124 2020 1258 2104 quinque
1284 2022 1414 2098 milium;

373 2118 500 2198 equites
519 2129 617 2178 tamon
640 2119 715 2179 cirea
735 2119 845 2178 vellum
867 2119 1076 2196 substiterunt,
1098 2140 1136 2181 ne
1155 2122 1283 2201 strepitu
1304 2125 1414 2200 pedum

384 2218 567 2280 dormientes
597 2221 773 2281 excitarent·
804 2219 918 2294 Quibus
942 2239 1061 2302 sotumo
1088 2223 1205 2284 silentio
1234 2227 1264 2284 ia
1290 2223 1356 2286 soro
1385 2237 1413 2288 ct
1520 2279 1521 2294 t

386 2320 530 2398 proximis
546 2321 616 2381 vicis
632 2320 827 2400 congregatis,
847 2320 1090 2381 ictnbombarde
1110 2323 1194 2402 signo
1216 2324 1294 2400 dato,
1313 2335 1412 2387 tantus
1519 2357 1521 2400 t

383 2429 507 2502 repente
529 2423 684 2483 clamaret
700 2429 920 2482 tormentorum
940 2422 1001 2482 sive
1022 2421 1250 2502 spingsrderum
1273 2437 1303 2486 et
1324 2424 1412 2488 balis-

385 2532 482 2583 tarum
501 2542 592 2583 sonus
613 2531 643 2582 et
656 2522 800 2600 strepitus
822 2533 945 2598 sequtus
966 2533 1019 2598 est,
1042 2533 1073 2582 ut
1097 2523 1192 2584 instar
1212 2526 1313 2605 magni
1334 2535 1412 2588 terre

375 2633 480 2689 motus
505 2636 534 2684 et
556 2623 686 2684 turbinis
704 2623 883 2702 grandinum
906 2623 1074 2696 videretur;
1094 2625 1228 2704 plerique
1253 2625 1410 2688 domorum

383 2725 533 2806 bestialis)
548 2725 639 2786 hastis
654 2733 684 2786 et
699 2724 834 2804 postibus
849 2741 957 2802 magno
972 2725 1083 2804 impetu
1096 2726 1308 2800 concutientes,
1323 2728 1363 2788 ita
1380 2741 1412 2788 ut

382 2827 488 2886 domus
518 2827 582 2904 ipse
611 2846 699 2887 ruere
730 2825 916 2887 viderentur.
945 2826 1039 2886 Tanto
1068 2835 1182 2887 terrore
1210 2826 1411 2890 inhabitantes

383 2945 569 3006 oppressere,
585 2936 617 2988 ut
631 2928 767 3006 plerique
779 2927 852 2987 nudi
864 2945 919 3005 per
929 2927 1108 3006 posteriores
1121 2927 1200 2988 iores
1211 2938 1240 2987 et
1252 2926 1410 2990 domorum

383 3029 530 3088 fenestras
546 3047 578 3088 se
593 3028 815 3107 precipitantes,
831 3047 885 3107 per
898 3035 979 3089 ortos
991 3027 1044 3110 (l),
1058 3023 1164 3089 dumos
1175 3038 1205 3088 et
1215 3029 1323 3090 fossata
1338 3049 1412 3110 pro—

385 3136 534 3205 repentes,
549 3129 617 3206 luga
632 3146 685 3188 suc
700 3127 787 3187 saluti
802 3129 1012 3188 consulerent:
1026 3129 1105 3188 inter
1122 3147 1196 3205 quos
1217 3131 1264 3190 vir
1285 3129 1411 3192 illustris

380 3231 510 3289 loannes
521 3230 639 3308 Berges‚
649 3230 686 3291 de
697 3247 864 3310 quosupro,
874 3230 1010 3307 pedester
1020 3241 1049 3291 et
1059 3229 1121 3290 sere
1132 3231 1230 3292 nudus
1239 3230 1409 3308 Trajeetun

411 3536 448 3599 (t)
469 3537 603 3588 «iverunt
621 3550 665 3600 per
686 3536 797 3598 biwaige
817 3536 954 3601 (Lowalge)
970 3544 996 3588 et
1014 3539 1171 3590 intraverunt
1190 3541 1215 3590 in
1235 3541 1346 3604 rungns
1364 3555 1411 3606 per

380 3625 445 3674 riam
457 3637 514 3688 qnae
526 3625 594 3673 venit
606 3625 638 3674 de
651 3618 758 3675 dassett.
772 3647 782 3670 u
799 3628 915 3691 (bontra,
926 3629 973 3678 cot.
987 3628 1069 3690 1554).

409 3709 447 3772 (2)
465 3708 501 3760 Le
513 3709 528 3758 7
540 3711 676 3761 novembre
690 3711 762 3762 tter.

408 3796 444 3857 (ὅ)
461 3794 535 3845 Ltsez
547 3798 622 3847 ostio.

405 3882 445 3948 (l)
460 3884 533 3935 Lisez
542 3884 638 3938 bertoo.
649 3913 679 3922 -
690 3883 794 3946 Demos,
806 3885 844 3936 les
854 3887 977 3938 buissons.
