<?xml version="1.0" encoding="UTF-8"?>
<!DOCTYPE html PUBLIC "-//W3C//DTD XHTML 1.0 Transitional//EN"
    "http://www.w3.org/TR/xhtml1/DTD/xhtml1-transitional.dtd">
<html xmlns="http://www.w3.org/1999/xhtml" xml:lang="en" lang="en">
 <head>
  <title>
</title>
<meta http-equiv="Content-Type" content="text/html;charset=utf-8" />
  <meta name='ocr-system' content='tesseract 3.04.00' />
  <meta name='ocr-capabilities' content='ocr_page ocr_carea ocr_par ocr_line ocrx_word'/>
</head>
<body>
  <div class='ocr_page' id='page_1' title='image "./mmoiredulgatonu00bormgoog_0206.png"; bbox 0 0 3126 4906; ppageno 0'>
   <div class='ocr_carea' id='block_1_1' title="bbox 127 589 1208 3092">
    <p class='ocr_par' dir='ltr' id='par_1_1' title="bbox 127 589 1208 3092">
     <span class='ocr_line' id='line_1_1' title="bbox 168 589 1200 668; baseline -0.002 -13"><span class='ocrx_word' id='word_1_1' title='bbox 168 612 273 655; x_wconf 88' lang='lat' dir='ltr'><strong>omnes</strong></span> <span class='ocrx_word' id='word_1_2' title='bbox 288 592 450 661; x_wconf 77' lang='lat' dir='ltr'><strong>familiares</strong></span> <span class='ocrx_word' id='word_1_3' title='bbox 464 590 580 662; x_wconf 85' lang='lat' dir='ltr'><strong>remieti</strong></span> <span class='ocrx_word' id='word_1_4' title='bbox 591 607 689 667; x_wconf 88' lang='lat' dir='ltr'><strong>equos</strong></span> <span class='ocrx_word' id='word_1_5' title='bbox 700 598 729 649; x_wconf 90' lang='lat' dir='ltr'><strong>et</strong></span> <span class='ocrx_word' id='word_1_6' title='bbox 745 589 821 650; x_wconf 91' lang='lat' dir='ltr'><strong>bona</strong></span> <span class='ocrx_word' id='word_1_7' title='bbox 835 591 934 650; x_wconf 91' lang='lat' dir='ltr'><strong>omnia</strong></span> <span class='ocrx_word' id='word_1_8' title='bbox 950 590 1067 652; x_wconf 87' lang='lat' dir='ltr'><strong>restitui</strong></span> <span class='ocrx_word' id='word_1_9' title='bbox 1080 591 1200 668; x_wconf 74' lang='lat' dir='ltr'><strong>iubeat3</strong></span> 
     </span>
     <span class='ocr_line' id='line_1_2' title="bbox 167 688 1206 771; baseline 0.002 -19"><span class='ocrx_word' id='word_1_10' title='bbox 167 693 206 755; x_wconf 87' lang='lat' dir='ltr'><strong>de</strong></span> <span class='ocrx_word' id='word_1_11' title='bbox 219 693 378 771; x_wconf 89' lang='lat' dir='ltr'><strong>conloquio</strong></span> <span class='ocrx_word' id='word_1_12' title='bbox 390 703 489 752; x_wconf 89' lang='lat' dir='ltr'><strong>autem</strong></span> <span class='ocrx_word' id='word_1_13' title='bbox 501 690 589 752; x_wconf 86' lang='lat' dir='ltr'><strong>simul</strong></span> <span class='ocrx_word' id='word_1_14' title='bbox 602 689 750 762; x_wconf 90' lang='lat' dir='ltr'><strong>babendo,</strong></span> <span class='ocrx_word' id='word_1_15' title='bbox 762 688 831 749; x_wconf 91' lang='lat' dir='ltr'><strong>duci</strong></span> <span class='ocrx_word' id='word_1_16' title='bbox 843 709 924 750; x_wconf 89' lang='lat' dir='ltr'><strong>nune</strong></span> <span class='ocrx_word' id='word_1_17' title='bbox 935 690 1126 754; x_wconf 86' lang='lat' dir='ltr'><strong>incomodutu</strong></span> <span class='ocrx_word' id='word_1_18' title='bbox 1138 708 1206 754; x_wconf 83' lang='lat' dir='ltr'><strong>csse.</strong></span> 
     </span>
     <span class='ocr_line' id='line_1_3' title="bbox 165 790 1206 873; baseline 0.002 -18"><span class='ocrx_word' id='word_1_19' title='bbox 165 795 204 856; x_wconf 96' lang='lat' dir='ltr'><strong>ob</strong></span> <span class='ocrx_word' id='word_1_20' title='bbox 216 794 442 873; x_wconf 80' lang='lat' dir='ltr'><strong>dispositionem</strong></span> <span class='ocrx_word' id='word_1_21' title='bbox 457 793 607 868; x_wconf 88' lang='lat' dir='ltr'><strong>exercitus</strong></span> <span class='ocrx_word' id='word_1_22' title='bbox 622 790 659 851; x_wconf 88' lang='lat' dir='ltr'><strong>ad</strong></span> <span class='ocrx_word' id='word_1_23' title='bbox 674 791 824 863; x_wconf 83' lang='lat' dir='ltr'><strong>civitatem</strong></span> <span class='ocrx_word' id='word_1_24' title='bbox 832 792 1065 870; x_wconf 80' lang='lat' dir='ltr'><strong>expugnandam</strong></span> <span class='ocrx_word' id='word_1_25' title='bbox 1079 803 1110 853; x_wconf 90' lang='lat' dir='ltr'><strong>et</strong></span> <span class='ocrx_word' id='word_1_26' title='bbox 1124 791 1206 856; x_wconf 80' lang='lat' dir='ltr'><strong>loco-z</strong></span> 
     </span>
     <span class='ocr_line' id='line_1_4' title="bbox 167 887 1205 972; baseline -0.002 -16"><span class='ocrx_word' id='word_1_27' title='bbox 167 913 237 956; x_wconf 90' lang='lat' dir='ltr'><strong>rum</strong></span> <span class='ocrx_word' id='word_1_28' title='bbox 252 893 506 968; x_wconf 81' lang='lat' dir='ltr'><strong>incomoditatem,</strong></span> <span class='ocrx_word' id='word_1_29' title='bbox 522 903 662 972; x_wconf 81' lang='lat' dir='ltr'><strong>presente</strong></span> <span class='ocrx_word' id='word_1_30' title='bbox 682 910 751 972; x_wconf 81' lang='lat' dir='ltr'><strong>rege</strong></span> <span class='ocrx_word' id='word_1_31' title='bbox 769 911 776 951; x_wconf 95' lang='lat'>:</span> <span class='ocrx_word' id='word_1_32' title='bbox 794 911 898 953; x_wconf 90' lang='lat' dir='ltr'><strong>verum</strong></span> <span class='ocrx_word' id='word_1_33' title='bbox 919 887 985 972; x_wconf 85' lang='lat' dir='ltr'><strong>post</strong></span> <span class='ocrx_word' id='word_1_34' title='bbox 1002 913 1054 954; x_wconf 83' lang='lat' dir='ltr'><strong>sex</strong></span> <span class='ocrx_word' id='word_1_35' title='bbox 1070 893 1133 954; x_wconf 87' lang='lat' dir='ltr'><strong>dies</strong></span> <span class='ocrx_word' id='word_1_36' title='bbox 1157 896 1205 955; x_wconf 82' lang='lat' dir='ltr'><strong>vel</strong></span> 
     </span>
     <span class='ocr_line' id='line_1_5' title="bbox 168 993 1204 1076; baseline -0.003 -19"><span class='ocrx_word' id='word_1_37' title='bbox 168 1005 237 1057; x_wconf 89' lang='lat' dir='ltr'><strong>octo</strong></span> <span class='ocrx_word' id='word_1_38' title='bbox 259 1015 290 1055; x_wconf 90' lang='lat' dir='ltr'><strong>se</strong></span> <span class='ocrx_word' id='word_1_39' title='bbox 311 995 390 1055; x_wconf 89' lang='lat' dir='ltr'><strong>diem</strong></span> <span class='ocrx_word' id='word_1_40' title='bbox 403 1004 442 1062; x_wconf 16' lang='lat' dir='ltr'><strong>*et</strong></span> <span class='ocrx_word' id='word_1_41' title='bbox 460 995 558 1054; x_wconf 87' lang='lat' dir='ltr'><strong>lorum</strong></span> <span class='ocrx_word' id='word_1_42' title='bbox 581 994 673 1072; x_wconf 81' lang='lat' dir='ltr'><strong>magis</strong></span> <span class='ocrx_word' id='word_1_43' title='bbox 689 993 869 1064; x_wconf 81' lang='lat' dir='ltr'><strong>conmodum</strong></span> <span class='ocrx_word' id='word_1_44' title='bbox 884 1002 1068 1054; x_wconf 82' lang='lat' dir='ltr'><strong>statutorum</strong></span> <span class='ocrx_word' id='word_1_45' title='bbox 1083 994 1120 1054; x_wconf 89' lang='lat' dir='ltr'><strong>ad</strong></span> <span class='ocrx_word' id='word_1_46' title='bbox 1134 1010 1204 1076; x_wconf 87' lang='lat' dir='ltr'><strong>tnu-</strong></span> 
     </span>
     <span class='ocr_line' id='line_1_6' title="bbox 170 1075 1204 1179; baseline -0.002 -23"><span class='ocrx_word' id='word_1_47' title='bbox 170 1107 256 1156; x_wconf 91' lang='lat' dir='ltr'><strong>tuum</strong></span> <span class='ocrx_word' id='word_1_48' title='bbox 268 1093 463 1172; x_wconf 80' lang='lat' dir='ltr'><strong>conloquium</strong></span> <span class='ocrx_word' id='word_1_49' title='bbox 478 1091 665 1166; x_wconf 88' lang='lat' dir='ltr'><strong>habendum,</strong></span> <span class='ocrx_word' id='word_1_50' title='bbox 686 1092 778 1170; x_wconf 87' lang='lat' dir='ltr'><strong>idque</strong></span> <span class='ocrx_word' id='word_1_51' title='bbox 799 1102 883 1179; x_wconf 82' lang='lat' dir='ltr'><strong>grato</strong></span> <span class='ocrx_word' id='word_1_52' title='bbox 905 1093 1067 1172; x_wconf 76' lang='lat' dir='ltr'><strong>accipiebat</strong></span> <span class='ocrx_word' id='word_1_53' title='bbox 1086 1075 1204 1166; x_wconf 88' lang='lat' dir='ltr'><strong>animo;</strong></span> 
     </span>
     <span class='ocr_line' id='line_1_7' title="bbox 168 1193 1207 1274; baseline -0.001 -15"><span class='ocrx_word' id='word_1_54' title='bbox 168 1195 311 1258; x_wconf 75' lang='lat' dir='ltr'><strong>suadebat</strong></span> <span class='ocrx_word' id='word_1_55' title='bbox 326 1213 459 1273; x_wconf 89' lang='lat' dir='ltr'><strong>quoque,</strong></span> <span class='ocrx_word' id='word_1_56' title='bbox 472 1195 551 1257; x_wconf 87' lang='lat' dir='ltr'><strong>sicut</strong></span> <span class='ocrx_word' id='word_1_57' title='bbox 565 1193 650 1274; x_wconf 90' lang='lat' dir='ltr'><strong>prius</strong></span> <span class='ocrx_word' id='word_1_58' title='bbox 665 1193 777 1254; x_wconf 85' lang='lat' dir='ltr'><strong>lecerat</strong></span> <span class='ocrx_word' id='word_1_59' title='bbox 794 1195 1032 1266; x_wconf 64' lang='lat' dir='ltr'><strong>llumbereourt,</strong></span> <span class='ocrx_word' id='word_1_60' title='bbox 1042 1207 1076 1256; x_wconf 92' lang='lat' dir='ltr'><strong>ut</strong></span> <span class='ocrx_word' id='word_1_61' title='bbox 1091 1194 1207 1273; x_wconf 80' lang='lat' dir='ltr'><strong>legatus.</strong></span> 
     </span>
     <span class='ocr_line' id='line_1_8' title="bbox 169 1294 1205 1379; baseline -0.003 -20"><span class='ocrx_word' id='word_1_62' title='bbox 169 1296 326 1361; x_wconf 86' lang='lat' dir='ltr'><strong>abeodem</strong></span> <span class='ocrx_word' id='word_1_63' title='bbox 342 1297 405 1354; x_wconf 89' lang='lat' dir='ltr'><strong>loco</strong></span> <span class='ocrx_word' id='word_1_64' title='bbox 420 1295 457 1354; x_wconf 88' lang='lat' dir='ltr'><strong>de</strong></span> <span class='ocrx_word' id='word_1_65' title='bbox 474 1297 554 1354; x_wconf 86' lang='lat' dir='ltr'><strong>Foux</strong></span> <span class='ocrx_word' id='word_1_66' title='bbox 571 1313 631 1354; x_wconf 91' lang='lat' dir='ltr'><strong>non</strong></span> <span class='ocrx_word' id='word_1_67' title='bbox 646 1294 815 1356; x_wconf 86' lang='lat' dir='ltr'><strong>discederet</strong></span> <span class='ocrx_word' id='word_1_68' title='bbox 837 1294 935 1379; x_wconf 15' lang='lat' dir='ltr'><strong>donec·</strong></span> <span class='ocrx_word' id='word_1_69' title='bbox 953 1295 1113 1356; x_wconf 78' lang='lat' dir='ltr'><strong>familiares</strong></span> <span class='ocrx_word' id='word_1_70' title='bbox 1135 1314 1205 1356; x_wconf 85' lang='lat' dir='ltr'><strong>suos</strong></span> 
     </span>
     <span class='ocr_line' id='line_1_9' title="bbox 169 1379 1204 1479; baseline -0.001 -20"><span class='ocrx_word' id='word_1_71' title='bbox 169 1401 233 1479; x_wconf 92' lang='lat' dir='ltr'><strong>ipse</strong></span> <span class='ocrx_word' id='word_1_72' title='bbox 255 1399 424 1476; x_wconf 77' lang='lat' dir='ltr'><strong>inquireret</strong></span> <span class='ocrx_word' id='word_1_73' title='bbox 445 1407 475 1456; x_wconf 88' lang='lat' dir='ltr'><strong>et</strong></span> <span class='ocrx_word' id='word_1_74' title='bbox 496 1397 533 1458; x_wconf 91' lang='lat' dir='ltr'><strong>ad</strong></span> <span class='ocrx_word' id='word_1_75' title='bbox 554 1416 623 1457; x_wconf 90' lang='lat' dir='ltr'><strong>cum</strong></span> <span class='ocrx_word' id='word_1_76' title='bbox 648 1379 818 1457; x_wconf 84' lang='lat' dir='ltr'><strong>remicteret</strong></span> <span class='ocrx_word' id='word_1_77' title='bbox 833 1419 861 1470; x_wconf 77' lang='lat' dir='ltr'><strong>n,</strong></span> <span class='ocrx_word' id='word_1_78' title='bbox 876 1415 951 1474; x_wconf 90' lang='lat' dir='ltr'><strong>quos</strong></span> <span class='ocrx_word' id='word_1_79' title='bbox 971 1406 1070 1458; x_wconf 89' lang='lat' dir='ltr'><strong>tamen</strong></span> <span class='ocrx_word' id='word_1_80' title='bbox 1090 1398 1204 1476; x_wconf 81' lang='lat' dir='ltr'><strong>legatus</strong></span> 
     </span>
     <span class='ocr_line' id='line_1_10' title="bbox 168 1497 1204 1576; baseline -0.002 -15"><span class='ocrx_word' id='word_1_81' title='bbox 168 1501 358 1561; x_wconf 78' lang='lat' dir='ltr'><strong>intellexerat</strong></span> <span class='ocrx_word' id='word_1_82' title='bbox 369 1499 400 1558; x_wconf 91' lang='lat' dir='ltr'><strong>iu</strong></span> <span class='ocrx_word' id='word_1_83' title='bbox 412 1498 615 1576; x_wconf 83' lang='lat' dir='ltr'><strong>Bnrguudiam</strong></span> <span class='ocrx_word' id='word_1_84' title='bbox 629 1498 751 1570; x_wconf 78' lang='lat' dir='ltr'><strong>missos3</strong></span> <span class='ocrx_word' id='word_1_85' title='bbox 763 1516 856 1574; x_wconf 88' lang='lat' dir='ltr'><strong>quare</strong></span> <span class='ocrx_word' id='word_1_86' title='bbox 868 1499 979 1559; x_wconf 90' lang='lat' dir='ltr'><strong>eisdem</strong></span> <span class='ocrx_word' id='word_1_87' title='bbox 991 1497 1101 1575; x_wconf 89' lang='lat' dir='ltr'><strong>quibus</strong></span> <span class='ocrx_word' id='word_1_88' title='bbox 1113 1517 1204 1576; x_wconf 88' lang='lat' dir='ltr'><strong>supra</strong></span> 
     </span>
     <span class='ocr_line' id='line_1_11' title="bbox 168 1598 1206 1678; baseline -0.001 -18"><span class='ocrx_word' id='word_1_89' title='bbox 168 1601 335 1661; x_wconf 89' lang='lat' dir='ltr'><strong>rationibus</strong></span> <span class='ocrx_word' id='word_1_90' title='bbox 351 1611 465 1671; x_wconf 89' lang='lat' dir='ltr'><strong>motus,</strong></span> <span class='ocrx_word' id='word_1_91' title='bbox 481 1601 594 1678; x_wconf 80' lang='lat' dir='ltr'><strong>legatus</strong></span> <span class='ocrx_word' id='word_1_92' title='bbox 609 1615 732 1659; x_wconf 88' lang='lat' dir='ltr'><strong>manere</strong></span> <span class='ocrx_word' id='word_1_93' title='bbox 747 1598 786 1657; x_wconf 88' lang='lat' dir='ltr'><strong>ibi</strong></span> <span class='ocrx_word' id='word_1_94' title='bbox 803 1617 953 1670; x_wconf 80' lang='lat' dir='ltr'><strong>recusans,</strong></span> <span class='ocrx_word' id='word_1_95' title='bbox 969 1600 1048 1678; x_wconf 90' lang='lat' dir='ltr'><strong>ipsos</strong></span> <span class='ocrx_word' id='word_1_96' title='bbox 1063 1599 1149 1677; x_wconf 88' lang='lat' dir='ltr'><strong>sequi</strong></span> <span class='ocrx_word' id='word_1_97' title='bbox 1172 1612 1206 1660; x_wconf 88' lang='lat' dir='ltr'><strong>ut</strong></span> 
     </span>
     <span class='ocr_line' id='line_1_12' title="bbox 168 1698 1205 1782; baseline 0 -21"><span class='ocrx_word' id='word_1_98' title='bbox 168 1701 252 1782; x_wconf 89' lang='lat' dir='ltr'><strong>prius</strong></span> <span class='ocrx_word' id='word_1_99' title='bbox 268 1701 390 1772; x_wconf 84' lang='lat' dir='ltr'><strong>lecerat,</strong></span> <span class='ocrx_word' id='word_1_100' title='bbox 404 1701 517 1760; x_wconf 86' lang='lat' dir='ltr'><strong>statuit.</strong></span> <span class='ocrx_word' id='word_1_101' title='bbox 533 1701 628 1778; x_wconf 79' lang='lat' dir='ltr'><strong>Igitur</strong></span> <span class='ocrx_word' id='word_1_102' title='bbox 642 1717 761 1758; x_wconf 90' lang='lat' dir='ltr'><strong>summo</strong></span> <span class='ocrx_word' id='word_1_103' title='bbox 773 1698 913 1774; x_wconf 90' lang='lat' dir='ltr'><strong>diluculo,</strong></span> <span class='ocrx_word' id='word_1_104' title='bbox 930 1700 1053 1760; x_wconf 89' lang='lat' dir='ltr'><strong>conlatis</strong></span> <span class='ocrx_word' id='word_1_105' title='bbox 1070 1699 1205 1779; x_wconf 88' lang='lat' dir='ltr'><strong>undique</strong></span> 
     </span>
     <span class='ocr_line' id='line_1_13' title="bbox 168 1799 1204 1880; baseline -0.003 -17"><span class='ocrx_word' id='word_1_106' title='bbox 168 1813 197 1863; x_wconf 92' lang='lat' dir='ltr'><strong>et</strong></span> <span class='ocrx_word' id='word_1_107' title='bbox 211 1802 288 1863; x_wconf 89' lang='lat' dir='ltr'><strong>datis</strong></span> <span class='ocrx_word' id='word_1_108' title='bbox 302 1802 405 1880; x_wconf 82' lang='lat' dir='ltr'><strong>signis,</strong></span> <span class='ocrx_word' id='word_1_109' title='bbox 420 1802 580 1860; x_wconf 85' lang='lat' dir='ltr'><strong>universus</strong></span> <span class='ocrx_word' id='word_1_110' title='bbox 596 1800 744 1860; x_wconf 84' lang='lat' dir='ltr'><strong>exercitus</strong></span> <span class='ocrx_word' id='word_1_111' title='bbox 759 1799 796 1860; x_wconf 86' lang='lat' dir='ltr'><strong>ad</strong></span> <span class='ocrx_word' id='word_1_112' title='bbox 810 1800 959 1860; x_wconf 87' lang='lat' dir='ltr'><strong>civitatem</strong></span> <span class='ocrx_word' id='word_1_113' title='bbox 974 1801 1204 1878; x_wconf 80' lang='lat' dir='ltr'><strong>expugnandam</strong></span> 
     </span>
     <span class='ocr_line' id='line_1_14' title="bbox 168 1898 1205 1980; baseline -0.002 -17"><span class='ocrx_word' id='word_1_114' title='bbox 168 1902 276 1976; x_wconf 87' lang='lat' dir='ltr'><strong>ordine</strong></span> <span class='ocrx_word' id='word_1_115' title='bbox 290 1921 351 1980; x_wconf 92' lang='lat' dir='ltr'><strong>quo</strong></span> <span class='ocrx_word' id='word_1_116' title='bbox 366 1921 458 1980; x_wconf 89' lang='lat' dir='ltr'><strong>supra</strong></span> <span class='ocrx_word' id='word_1_117' title='bbox 474 1910 582 1973; x_wconf 87' lang='lat' dir='ltr'><strong>motus,</strong></span> <span class='ocrx_word' id='word_1_118' title='bbox 598 1900 714 1980; x_wconf 79' lang='lat' dir='ltr'><strong>legatus</strong></span> <span class='ocrx_word' id='word_1_119' title='bbox 725 1918 760 1959; x_wconf 92' lang='lat' dir='ltr'><strong>eo</strong></span> <span class='ocrx_word' id='word_1_120' title='bbox 771 1898 877 1960; x_wconf 89' lang='lat' dir='ltr'><strong>ordine</strong></span> <span class='ocrx_word' id='word_1_121' title='bbox 892 1918 951 1976; x_wconf 92' lang='lat' dir='ltr'><strong>quo</strong></span> <span class='ocrx_word' id='word_1_122' title='bbox 966 1901 1049 1979; x_wconf 90' lang='lat' dir='ltr'><strong>prius</strong></span> <span class='ocrx_word' id='word_1_123' title='bbox 1063 1903 1205 1979; x_wconf 88' lang='lat' dir='ltr'><strong>usquead</strong></span> 
     </span>
     <span class='ocr_line' id='line_1_15' title="bbox 167 1999 1206 2078; baseline -0.004 -14"><span class='ocrx_word' id='word_1_124' title='bbox 167 2005 296 2064; x_wconf 87' lang='lat' dir='ltr'><strong>civitatis</strong></span> <span class='ocrx_word' id='word_1_125' title='bbox 312 2003 409 2062; x_wconf 90' lang='lat' dir='ltr'><strong>menia</strong></span> <span class='ocrx_word' id='word_1_126' title='bbox 422 2011 519 2061; x_wconf 88' lang='lat' dir='ltr'><strong>castra</strong></span> <span class='ocrx_word' id='word_1_127' title='bbox 530 2010 677 2078; x_wconf 86' lang='lat' dir='ltr'><strong>sequutus</strong></span> <span class='ocrx_word' id='word_1_128' title='bbox 689 2011 744 2073; x_wconf 87' lang='lat' dir='ltr'><strong>est,</strong></span> <span class='ocrx_word' id='word_1_129' title='bbox 755 1999 917 2060; x_wconf 87' lang='lat' dir='ltr'><strong>itinerariis</strong></span> <span class='ocrx_word' id='word_1_130' title='bbox 932 1999 1065 2061; x_wconf 88' lang='lat' dir='ltr'><strong>vestibus</strong></span> <span class='ocrx_word' id='word_1_131' title='bbox 1080 1999 1206 2062; x_wconf 86' lang='lat' dir='ltr'><strong>indutas</strong></span> 
     </span>
     <span class='ocr_line' id='line_1_16' title="bbox 127 2100 1139 2185; baseline -0.002 -21"><span class='ocrx_word' id='word_1_132' title='bbox 127 2175 135 2185; x_wconf 93' lang='lat'><strong>.</strong></span> <span class='ocrx_word' id='word_1_133' title='bbox 167 2115 201 2170; x_wconf 87' lang='lat' dir='ltr'><strong>et</strong></span> <span class='ocrx_word' id='word_1_134' title='bbox 211 2104 356 2184; x_wconf 84' lang='lat' dir='ltr'><strong>gallicano</strong></span> <span class='ocrx_word' id='word_1_135' title='bbox 372 2112 466 2162; x_wconf 88' lang='lat' dir='ltr'><strong>tectus</strong></span> <span class='ocrx_word' id='word_1_136' title='bbox 483 2102 582 2180; x_wconf 92' lang='lat' dir='ltr'><strong>pilleo,</strong></span> <span class='ocrx_word' id='word_1_137' title='bbox 597 2101 740 2162; x_wconf 92' lang='lat' dir='ltr'><strong>obvoluto</strong></span> <span class='ocrx_word' id='word_1_138' title='bbox 752 2100 789 2161; x_wconf 92' lang='lat' dir='ltr'><strong>ad</strong></span> <span class='ocrx_word' id='word_1_139' title='bbox 804 2101 913 2160; x_wconf 91' lang='lat' dir='ltr'><strong>collum</strong></span> <span class='ocrx_word' id='word_1_140' title='bbox 929 2101 1010 2179; x_wconf 91' lang='lat' dir='ltr'><strong>pillci</strong></span> <span class='ocrx_word' id='word_1_141' title='bbox 1026 2110 1139 2173; x_wconf 61' lang='lat' dir='ltr'><strong>rostro.⁴</strong></span> 
     </span>
     <span class='ocr_line' id='line_1_17' title="bbox 208 2203 1206 2284; baseline -0.003 -17"><span class='ocrx_word' id='word_1_142' title='bbox 208 2209 282 2267; x_wconf 87' lang='lat' dir='ltr'><strong>Cum</strong></span> <span class='ocrx_word' id='word_1_143' title='bbox 298 2205 367 2284; x_wconf 73' lang='lat' dir='ltr'><strong>jam¹</strong></span> <span class='ocrx_word' id='word_1_144' title='bbox 376 2206 479 2265; x_wconf 84' lang='lat' dir='ltr'><strong>civitas</strong></span> <span class='ocrx_word' id='word_1_145' title='bbox 495 2203 632 2283; x_wconf 83' lang='lat' dir='ltr'><strong>presidiis</strong></span> <span class='ocrx_word' id='word_1_146' title='bbox 649 2203 764 2264; x_wconf 90' lang='lat' dir='ltr'><strong>munita</strong></span> <span class='ocrx_word' id='word_1_147' title='bbox 785 2204 1011 2282; x_wconf 87' lang='lat' dir='ltr'><strong>conspiceretur</strong></span> <span class='ocrx_word' id='word_1_148' title='bbox 1025 2205 1070 2283; x_wconf 80' lang='lat' dir='ltr'><strong>(l)</strong></span> <span class='ocrx_word' id='word_1_149' title='bbox 1085 2215 1115 2264; x_wconf 91' lang='lat' dir='ltr'><strong>et</strong></span> <span class='ocrx_word' id='word_1_150' title='bbox 1131 2206 1206 2265; x_wconf 80' lang='lat' dir='ltr'><strong>beo·</strong></span> 
     </span>
     <span class='ocr_line' id='line_1_18' title="bbox 167 2305 1207 2385; baseline -0.005 -13"><span class='ocrx_word' id='word_1_151' title='bbox 167 2309 287 2372; x_wconf 86' lang='lat' dir='ltr'><strong>dienses</strong></span> <span class='ocrx_word' id='word_1_152' title='bbox 316 2307 354 2367; x_wconf 87' lang='lat' dir='ltr'><strong>ad</strong></span> <span class='ocrx_word' id='word_1_153' title='bbox 381 2307 582 2384; x_wconf 87' lang='lat' dir='ltr'><strong>irruptionem</strong></span> <span class='ocrx_word' id='word_1_154' title='bbox 611 2305 788 2366; x_wconf 89' lang='lat' dir='ltr'><strong>viderentur</strong></span> <span class='ocrx_word' id='word_1_155' title='bbox 816 2324 880 2366; x_wconf 88' lang='lat' dir='ltr'><strong>esse</strong></span> <span class='ocrx_word' id='word_1_156' title='bbox 905 2305 1053 2384; x_wconf 87' lang='lat' dir='ltr'><strong>dispositi,</strong></span> <span class='ocrx_word' id='word_1_157' title='bbox 1080 2305 1207 2385; x_wconf 82' lang='lat' dir='ltr'><strong>quisque</strong></span> 
     </span>
     <span class='ocr_line' id='line_1_19' title="bbox 170 2408 1207 2486; baseline -0.003 -14"><span class='ocrx_word' id='word_1_158' title='bbox 170 2411 280 2479; x_wconf 85' lang='lat' dir='ltr'><strong>ducum</strong></span> <span class='ocrx_word' id='word_1_159' title='bbox 296 2418 326 2470; x_wconf 88' lang='lat' dir='ltr'><strong>et</strong></span> <span class='ocrx_word' id='word_1_160' title='bbox 341 2409 470 2470; x_wconf 88' lang='lat' dir='ltr'><strong>militum</strong></span> <span class='ocrx_word' id='word_1_161' title='bbox 485 2408 536 2486; x_wconf 88' lang='lat' dir='ltr'><strong>qui</strong></span> <span class='ocrx_word' id='word_1_162' title='bbox 551 2408 582 2467; x_wconf 87' lang='lat' dir='ltr'><strong>in</strong></span> <span class='ocrx_word' id='word_1_163' title='bbox 599 2415 702 2468; x_wconf 89' lang='lat' dir='ltr'><strong>nostro</strong></span> <span class='ocrx_word' id='word_1_164' title='bbox 721 2409 840 2486; x_wconf 78' lang='lat' dir='ltr'><strong>agmine</strong></span> <span class='ocrx_word' id='word_1_165' title='bbox 855 2418 941 2468; x_wconf 88' lang='lat' dir='ltr'><strong>erant</strong></span> <span class='ocrx_word' id='word_1_166' title='bbox 958 2409 1112 2486; x_wconf 88' lang='lat' dir='ltr'><strong>paululum</strong></span> <span class='ocrx_word' id='word_1_167' title='bbox 1135 2409 1207 2470; x_wconf 91' lang='lat' dir='ltr'><strong>sub·</strong></span> 
     </span>
     <span class='ocr_line' id='line_1_20' title="bbox 171 2506 1207 2589; baseline -0.002 -17"><span class='ocrx_word' id='word_1_168' title='bbox 171 2513 326 2584; x_wconf 75' lang='lat' dir='ltr'><strong>sistentes„</strong></span> <span class='ocrx_word' id='word_1_169' title='bbox 335 2511 464 2589; x_wconf 91' lang='lat' dir='ltr'><strong>sumptis</strong></span> <span class='ocrx_word' id='word_1_170' title='bbox 475 2507 576 2588; x_wconf 78' lang='lat' dir='ltr'><strong>galcis,</strong></span> <span class='ocrx_word' id='word_1_171' title='bbox 587 2508 690 2587; x_wconf 90' lang='lat' dir='ltr'><strong>clipeis</strong></span> <span class='ocrx_word' id='word_1_172' title='bbox 701 2519 731 2568; x_wconf 89' lang='lat' dir='ltr'><strong>ct</strong></span> <span class='ocrx_word' id='word_1_173' title='bbox 742 2506 873 2568; x_wconf 89' lang='lat' dir='ltr'><strong>dolabris</strong></span> <span class='ocrx_word' id='word_1_174' title='bbox 883 2527 917 2568; x_wconf 87' lang='lat' dir='ltr'><strong>aa</strong></span> <span class='ocrx_word' id='word_1_175' title='bbox 928 2509 1101 2570; x_wconf 79' lang='lat' dir='ltr'><strong>fortioribus</strong></span> <span class='ocrx_word' id='word_1_176' title='bbox 1115 2510 1207 2570; x_wconf 91' lang='lat' dir='ltr'><strong>armis</strong></span> 
     </span>
     <span class='ocr_line' id='line_1_21' title="bbox 172 2607 1208 2688; baseline 0.002 -20"><span class='ocrx_word' id='word_1_177' title='bbox 172 2618 332 2687; x_wconf 83' lang='lat' dir='ltr'><strong>(venerant</strong></span> <span class='ocrx_word' id='word_1_178' title='bbox 346 2609 543 2672; x_wconf 81' lang='lat' dir='ltr'><strong>enimlevitcr</strong></span> <span class='ocrx_word' id='word_1_179' title='bbox 556 2607 685 2686; x_wconf 85' lang='lat' dir='ltr'><strong>armati),</strong></span> <span class='ocrx_word' id='word_1_180' title='bbox 697 2609 773 2669; x_wconf 88' lang='lat' dir='ltr'><strong>truci</strong></span> <span class='ocrx_word' id='word_1_181' title='bbox 788 2608 888 2669; x_wconf 91' lang='lat' dir='ltr'><strong>animo</strong></span> <span class='ocrx_word' id='word_1_182' title='bbox 903 2628 934 2668; x_wconf 88' lang='lat' dir='ltr'><strong>se</strong></span> <span class='ocrx_word' id='word_1_183' title='bbox 949 2609 985 2668; x_wconf 91' lang='lat' dir='ltr'><strong>ad</strong></span> <span class='ocrx_word' id='word_1_184' title='bbox 1001 2609 1112 2671; x_wconf 90' lang='lat' dir='ltr'><strong>bellum</strong></span> <span class='ocrx_word' id='word_1_185' title='bbox 1124 2628 1208 2688; x_wconf 88' lang='lat' dir='ltr'><strong>para-</strong></span> 
     </span>
     <span class='ocr_line' id='line_1_22' title="bbox 171 2709 1207 2790; baseline -0.002 -18"><span class='ocrx_word' id='word_1_186' title='bbox 171 2713 258 2784; x_wconf 86' lang='lat' dir='ltr'><strong>bant;</strong></span> <span class='ocrx_word' id='word_1_187' title='bbox 272 2731 332 2790; x_wconf 92' lang='lat' dir='ltr'><strong>quo</strong></span> <span class='ocrx_word' id='word_1_188' title='bbox 343 2713 417 2784; x_wconf 91' lang='lat' dir='ltr'><strong>viso,</strong></span> <span class='ocrx_word' id='word_1_189' title='bbox 428 2711 541 2788; x_wconf 77' lang='lat' dir='ltr'><strong>legatus</strong></span> <span class='ocrx_word' id='word_1_190' title='bbox 555 2709 746 2780; x_wconf 87' lang='lat' dir='ltr'><strong>considerans</strong></span> <span class='ocrx_word' id='word_1_191' title='bbox 759 2729 789 2770; x_wconf 91' lang='lat' dir='ltr'><strong>se</strong></span> <span class='ocrx_word' id='word_1_192' title='bbox 801 2718 831 2781; x_wconf 83' lang='lat' dir='ltr'><strong>et</strong></span> <span class='ocrx_word' id='word_1_193' title='bbox 842 2727 911 2770; x_wconf 93' lang='lat' dir='ltr'><strong>suos</strong></span> <span class='ocrx_word' id='word_1_194' title='bbox 923 2711 1044 2789; x_wconf 89' lang='lat' dir='ltr'><strong>penitas</strong></span> <span class='ocrx_word' id='word_1_195' title='bbox 1056 2711 1207 2772; x_wconf 85' lang='lat' dir='ltr'><strong>inhermes</strong></span> 
     </span>
     <span class='ocr_line' id='line_1_23' title="bbox 170 2808 1206 2893; baseline -0.002 -20"><span class='ocrx_word' id='word_1_196' title='bbox 170 2833 204 2874; x_wconf 92' lang='lat' dir='ltr'><strong>ac</strong></span> <span class='ocrx_word' id='word_1_197' title='bbox 218 2831 312 2893; x_wconf 92' lang='lat' dir='ltr'><strong>super</strong></span> <span class='ocrx_word' id='word_1_198' title='bbox 326 2811 439 2882; x_wconf 83' lang='lat' dir='ltr'><strong>debiles</strong></span> <span class='ocrx_word' id='word_1_199' title='bbox 453 2829 546 2888; x_wconf 86' lang='lat' dir='ltr'><strong>equos</strong></span> <span class='ocrx_word' id='word_1_200' title='bbox 561 2820 591 2870; x_wconf 88' lang='lat' dir='ltr'><strong>et</strong></span> <span class='ocrx_word' id='word_1_201' title='bbox 607 2809 702 2870; x_wconf 91' lang='lat' dir='ltr'><strong>mulas</strong></span> <span class='ocrx_word' id='word_1_202' title='bbox 713 2809 860 2882; x_wconf 89' lang='lat' dir='ltr'><strong>insedere,</strong></span> <span class='ocrx_word' id='word_1_203' title='bbox 872 2808 927 2870; x_wconf 90' lang='lat' dir='ltr'><strong>bec</strong></span> <span class='ocrx_word' id='word_1_204' title='bbox 938 2828 1006 2869; x_wconf 89' lang='lat' dir='ltr'><strong>cum</strong></span> <span class='ocrx_word' id='word_1_205' title='bbox 1017 2808 1064 2870; x_wconf 89' lang='lat' dir='ltr'><strong>his</strong></span> <span class='ocrx_word' id='word_1_206' title='bbox 1074 2812 1126 2888; x_wconf 93' lang='lat' dir='ltr'><strong>qui</strong></span> <span class='ocrx_word' id='word_1_207' title='bbox 1137 2829 1206 2871; x_wconf 88' lang='lat' dir='ltr'><strong>eum</strong></span> 
     </span>
     <span class='ocr_line' id='line_1_24' title="bbox 171 2908 1207 2992; baseline -0.004 -18"><span class='ocrx_word' id='word_1_208' title='bbox 171 2912 391 2974; x_wconf 88' lang='lat' dir='ltr'><strong>comitabantur</strong></span> <span class='ocrx_word' id='word_1_209' title='bbox 410 2909 562 2972; x_wconf 90' lang='lat' dir='ltr'><strong>nobilibus</strong></span> <span class='ocrx_word' id='word_1_210' title='bbox 582 2908 733 2990; x_wconf 83' lang='lat' dir='ltr'><strong>agitabat:</strong></span> <span class='ocrx_word' id='word_1_211' title='bbox 748 2932 765 2969; x_wconf 76' lang='lat' dir='ltr'><strong>a</strong></span> <span class='ocrx_word' id='word_1_212' title='bbox 784 2909 815 2969; x_wconf 90' lang='lat' dir='ltr'><strong>Si</strong></span> <span class='ocrx_word' id='word_1_213' title='bbox 835 2910 912 2971; x_wconf 91' lang='lat' dir='ltr'><strong>l&#39;orte</strong></span> <span class='ocrx_word' id='word_1_214' title='bbox 931 2910 1107 2970; x_wconf 90' lang='lat' dir='ltr'><strong>Leodienses</strong></span> <span class='ocrx_word' id='word_1_215' title='bbox 1126 2911 1207 2992; x_wconf 88' lang='lat' dir='ltr'><strong>irru-</strong></span> 
     </span>
     <span class='ocr_line' id='line_1_25' title="bbox 173 3008 1207 3092; baseline 0.001 -23"><span class='ocrx_word' id='word_1_216' title='bbox 173 3035 192 3084; x_wconf 74' lang='lat' dir='ltr'><strong>n</strong></span> <span class='ocrx_word' id='word_1_217' title='bbox 206 3013 340 3092; x_wconf 87' lang='lat' dir='ltr'><strong>ptionem</strong></span> <span class='ocrx_word' id='word_1_218' title='bbox 351 3011 470 3086; x_wconf 86' lang='lat' dir='ltr'><strong>iaciant,</strong></span> <span class='ocrx_word' id='word_1_219' title='bbox 483 3019 515 3070; x_wconf 92' lang='lat' dir='ltr'><strong>nt</strong></span> <span class='ocrx_word' id='word_1_220' title='bbox 526 3010 670 3089; x_wconf 87' lang='lat' dir='ltr'><strong>suspicari</strong></span> <span class='ocrx_word' id='word_1_221' title='bbox 682 3008 835 3084; x_wconf 90' lang='lat' dir='ltr'><strong>videmini,</strong></span> <span class='ocrx_word' id='word_1_222' title='bbox 848 3021 877 3076; x_wconf 84' lang='lat' dir='ltr'><strong>et</strong></span> <span class='ocrx_word' id='word_1_223' title='bbox 889 3010 996 3072; x_wconf 89' lang='lat' dir='ltr'><strong>milites</strong></span> <span class='ocrx_word' id='word_1_224' title='bbox 1008 3012 1102 3072; x_wconf 89' lang='lat' dir='ltr'><strong>nostri</strong></span> <span class='ocrx_word' id='word_1_225' title='bbox 1112 3012 1207 3090; x_wconf 80' lang='lat' dir='ltr'><strong>agmi-</strong></span> 
     </span>
    </p>
   </div>
   <div class='ocr_carea' id='block_1_2' title="bbox 166 3347 1230 3938">
    <p class='ocr_par' dir='ltr' id='par_1_2' title="bbox 166 3347 1230 3938">
     <span class='ocr_line' id='line_1_26' title="bbox 176 3347 1207 3420; baseline -0.001 -15"><span class='ocrx_word' id='word_1_226' title='bbox 176 3355 180 3388; x_wconf 74' lang='lat'>2</span> <span class='ocrx_word' id='word_1_227' title='bbox 198 3357 237 3416; x_wconf 77' lang='lat' dir='ltr'><strong>tl)</strong></span> <span class='ocrx_word' id='word_1_228' title='bbox 256 3355 368 3406; x_wconf 81' lang='lat' dir='ltr'><strong>L&#39;armde</strong></span> <span class='ocrx_word' id='word_1_229' title='bbox 380 3354 592 3420; x_wconf 77' lang='lat' dir='ltr'><strong>bourguignonne</strong></span> <span class='ocrx_word' id='word_1_230' title='bbox 605 3353 708 3404; x_wconf 80' lang='lat' dir='ltr'><strong>arrirait</strong></span> <span class='ocrx_word' id='word_1_231' title='bbox 720 3347 765 3417; x_wconf 82' lang='lat' dir='ltr'><strong>par</strong></span> <span class='ocrx_word' id='word_1_232' title='bbox 778 3354 814 3404; x_wconf 91' lang='lat' dir='ltr'><strong>les</strong></span> <span class='ocrx_word' id='word_1_233' title='bbox 827 3353 948 3405; x_wconf 86' lang='lat' dir='ltr'><strong>hauteurs</strong></span> <span class='ocrx_word' id='word_1_234' title='bbox 957 3355 988 3405; x_wconf 89' lang='lat' dir='ltr'><strong>da</strong></span> <span class='ocrx_word' id='word_1_235' title='bbox 997 3353 1207 3420; x_wconf 72' lang='lat' dir='ltr'><strong>8¹⁶·Walburge:</strong></span> 
     </span>
     <span class='ocr_line' id='line_1_27' title="bbox 173 3439 1230 3505; baseline -0.002 -13"><span class='ocrx_word' id='word_1_236' title='bbox 173 3459 184 3488; x_wconf 80' lang='grc' dir='ltr'>ι</span> <span class='ocrx_word' id='word_1_237' title='bbox 203 3442 276 3493; x_wconf 82' lang='lat' dir='ltr'><strong>Faria</strong></span> <span class='ocrx_word' id='word_1_238' title='bbox 289 3443 433 3505; x_wconf 70' lang='lat' dir='ltr'><strong>quartatio</strong></span> <span class='ocrx_word' id='word_1_239' title='bbox 445 3443 559 3504; x_wconf 88' lang='lat' dir='ltr'><strong>octobre)</strong></span> <span class='ocrx_word' id='word_1_240' title='bbox 572 3442 642 3492; x_wconf 81' lang='lat' dir='ltr'><strong>venit</strong></span> <span class='ocrx_word' id='word_1_241' title='bbox 658 3455 715 3503; x_wconf 89' lang='lat' dir='ltr'><strong>pars</strong></span> <span class='ocrx_word' id='word_1_242' title='bbox 731 3441 859 3492; x_wconf 87' lang='lat' dir='ltr'><strong>exercitus</strong></span> <span class='ocrx_word' id='word_1_243' title='bbox 876 3454 952 3504; x_wconf 88' lang='lat' dir='ltr'><strong>supra</strong></span> <span class='ocrx_word' id='word_1_244' title='bbox 966 3447 1077 3492; x_wconf 88' lang='lat' dir='ltr'><strong>montem</strong></span> <span class='ocrx_word' id='word_1_245' title='bbox 1094 3439 1207 3493; x_wconf 45' lang='lat' dir='ltr'><strong>afwa*</strong></span> <span class='ocrx_word' id='word_1_246' title='bbox 1228 3479 1230 3483; x_wconf 87' lang='lat'><em>.</em></span> 
     </span>
     <span class='ocr_line' id='line_1_28' title="bbox 169 3528 1206 3593; baseline -0.001 -13"><span class='ocrx_word' id='word_1_247' title='bbox 169 3529 266 3593; x_wconf 81' lang='lat' dir='ltr'><strong>burgis,</strong></span> <span class='ocrx_word' id='word_1_248' title='bbox 276 3534 303 3580; x_wconf 91' lang='lat' dir='ltr'><strong>et</strong></span> <span class='ocrx_word' id='word_1_249' title='bbox 314 3530 385 3580; x_wconf 89' lang='lat' dir='ltr'><strong>stetit</strong></span> <span class='ocrx_word' id='word_1_250' title='bbox 397 3529 431 3578; x_wconf 84' lang='lat' dir='ltr'><strong>tbi</strong></span> <span class='ocrx_word' id='word_1_251' title='bbox 444 3529 515 3592; x_wconf 87' lang='lat' dir='ltr'><strong>quasi</strong></span> <span class='ocrx_word' id='word_1_252' title='bbox 529 3542 574 3592; x_wconf 91' lang='lat' dir='ltr'><strong>per</strong></span> <span class='ocrx_word' id='word_1_253' title='bbox 587 3529 651 3578; x_wconf 89' lang='lat' dir='ltr'><strong>duas</strong></span> <span class='ocrx_word' id='word_1_254' title='bbox 665 3530 747 3589; x_wconf 86' lang='lat' dir='ltr'><strong>boras,</strong></span> <span class='ocrx_word' id='word_1_255' title='bbox 760 3529 915 3592; x_wconf 83' lang='lat' dir='ltr'><strong>expectando</strong></span> <span class='ocrx_word' id='word_1_256' title='bbox 926 3528 988 3580; x_wconf 84' lang='lat' dir='ltr'><strong>alios</strong></span> <span class='ocrx_word' id='word_1_257' title='bbox 1000 3529 1143 3580; x_wconf 88' lang='lat' dir='ltr'><strong>nescientes</strong></span> <span class='ocrx_word' id='word_1_258' title='bbox 1154 3543 1206 3592; x_wconf 83' lang='lat' dir='ltr'><strong>quo</strong></span> 
     </span>
     <span class='ocr_line' id='line_1_29' title="bbox 167 3614 1206 3680; baseline 0.001 -14"><span class='ocrx_word' id='word_1_259' title='bbox 167 3615 335 3679; x_wconf 78' lang='lat' dir='ltr'><strong>diverterent,</strong></span> <span class='ocrx_word' id='word_1_260' title='bbox 351 3615 411 3679; x_wconf 86' lang='lat' dir='ltr'><strong>qula</strong></span> <span class='ocrx_word' id='word_1_261' title='bbox 423 3614 503 3677; x_wconf 81' lang='lat' dir='ltr'><strong>major</strong></span> <span class='ocrx_word' id='word_1_262' title='bbox 516 3628 575 3678; x_wconf 91' lang='lat' dir='ltr'><strong>pars</strong></span> <span class='ocrx_word' id='word_1_263' title='bbox 586 3615 686 3665; x_wconf 83' lang='lat' dir='ltr'><strong>volebat</strong></span> <span class='ocrx_word' id='word_1_264' title='bbox 700 3615 856 3665; x_wconf 89' lang='lat' dir='ltr'><strong>descendere</strong></span> <span class='ocrx_word' id='word_1_265' title='bbox 867 3614 899 3666; x_wconf 89' lang='lat' dir='ltr'><strong>ad</strong></span> <span class='ocrx_word' id='word_1_266' title='bbox 913 3615 1119 3680; x_wconf 77' lang='lat' dir='ltr'><strong>S.-llargaretam</strong></span> <span class='ocrx_word' id='word_1_267' title='bbox 1133 3623 1161 3666; x_wconf 91' lang='lat' dir='ltr'><strong>et</strong></span> <span class='ocrx_word' id='word_1_268' title='bbox 1174 3616 1206 3667; x_wconf 83' lang='lat' dir='ltr'><strong>ad</strong></span> 
     </span>
     <span class='ocr_line' id='line_1_30' title="bbox 166 3701 1207 3770; baseline -0.003 -18"><span class='ocrx_word' id='word_1_269' title='bbox 166 3701 382 3762; x_wconf 86' lang='lat' dir='ltr'><strong>S.-Laurentium‚</strong></span> <span class='ocrx_word' id='word_1_270' title='bbox 394 3703 487 3751; x_wconf 88' lang='lat' dir='ltr'><strong>timens</strong></span> <span class='ocrx_word' id='word_1_271' title='bbox 500 3701 655 3764; x_wconf 87' lang='lat' dir='ltr'><strong>pertransire</strong></span> <span class='ocrx_word' id='word_1_272' title='bbox 665 3701 796 3752; x_wconf 80' lang='lat' dir='ltr'><strong>civitatem</strong></span> <span class='ocrx_word' id='word_1_273' title='bbox 809 3715 842 3752; x_wconf 91' lang='lat' dir='ltr'><strong>ne</strong></span> <span class='ocrx_word' id='word_1_274' title='bbox 856 3701 1006 3770; x_wconf 84' lang='lat' dir='ltr'><strong>Leodienses</strong></span> <span class='ocrx_word' id='word_1_275' title='bbox 1021 3701 1207 3764; x_wconf 89' lang='lat' dir='ltr'><strong>praecluderent</strong></span> 
     </span>
     <span class='ocr_line' id='line_1_31' title="bbox 170 3786 1206 3850; baseline -0.001 -13"><span class='ocrx_word' id='word_1_276' title='bbox 170 3789 242 3837; x_wconf 85' lang='lat' dir='ltr'><strong>riam.</strong></span> <span class='ocrx_word' id='word_1_277' title='bbox 256 3787 377 3840; x_wconf 85' lang='lat' dir='ltr'><strong>Dominus</strong></span> <span class='ocrx_word' id='word_1_278' title='bbox 390 3798 448 3836; x_wconf 88' lang='lat' dir='ltr'><strong>vero</strong></span> <span class='ocrx_word' id='word_1_279' title='bbox 460 3786 492 3836; x_wconf 93' lang='lat' dir='ltr'><strong>de</strong></span> <span class='ocrx_word' id='word_1_280' title='bbox 506 3787 701 3850; x_wconf 79' lang='lat' dir='ltr'><strong>llumbercourt,</strong></span> <span class='ocrx_word' id='word_1_281' title='bbox 714 3787 802 3837; x_wconf 83' lang='lat' dir='ltr'><strong>volens</strong></span> <span class='ocrx_word' id='word_1_282' title='bbox 814 3794 915 3838; x_wconf 86' lang='lat' dir='ltr'><strong>servare</strong></span> <span class='ocrx_word' id='word_1_283' title='bbox 924 3788 941 3838; x_wconf 91' lang='lat' dir='ltr'>S</span> <span class='ocrx_word' id='word_1_284' title='bbox 951 3787 1206 3848; x_wconf 86' lang='lat' dir='ltr'><strong>·Laurentium,sua·</strong></span> 
     </span>
     <span class='ocr_line' id='line_1_32' title="bbox 171 3873 1208 3938; baseline -0.001 -13"><span class='ocrx_word' id='word_1_285' title='bbox 171 3873 253 3925; x_wconf 86' lang='lat' dir='ltr'><strong>sitire</strong></span> <span class='ocrx_word' id='word_1_286' title='bbox 265 3885 354 3923; x_wconf 87' lang='lat' dir='ltr'><strong>versus</strong></span> <span class='ocrx_word' id='word_1_287' title='bbox 366 3873 579 3933; x_wconf 87' lang='lat' dir='ltr'><strong>S.·Leonardum‚</strong></span> <span class='ocrx_word' id='word_1_288' title='bbox 592 3873 674 3924; x_wconf 88' lang='lat' dir='ltr'><strong>sciens</strong></span> <span class='ocrx_word' id='word_1_289' title='bbox 687 3874 776 3924; x_wconf 87' lang='lat' dir='ltr'><strong>ducem</strong></span> <span class='ocrx_word' id='word_1_290' title='bbox 794 3885 852 3922; x_wconf 88' lang='lat' dir='ltr'><strong>cum</strong></span> <span class='ocrx_word' id='word_1_291' title='bbox 868 3885 928 3936; x_wconf 76' lang='lat' dir='ltr'><strong>rege</strong></span> <span class='ocrx_word' id='word_1_292' title='bbox 944 3873 968 3922; x_wconf 88' lang='lat' dir='ltr'><strong>in</strong></span> <span class='ocrx_word' id='word_1_293' title='bbox 985 3876 1095 3938; x_wconf 76' lang='lat' dir='ltr'><strong>erastino</strong></span> <span class='ocrx_word' id='word_1_294' title='bbox 1110 3874 1208 3926; x_wconf 83' lang='lat' dir='ltr'><strong>adven-</strong></span> 
     </span>
    </p>
   </div>
   <div class='ocr_carea' id='block_1_3' title="bbox 174 3957 662 4024">
    <p class='ocr_par' dir='ltr' id='par_1_3' title="bbox 174 3957 662 4024">
     <span class='ocr_line' id='line_1_33' title="bbox 174 3957 662 4024; baseline 0 -16"><span class='ocrx_word' id='word_1_295' title='bbox 174 3963 267 4008; x_wconf 87' lang='lat' dir='ltr'><strong>turum.</strong></span> <span class='ocrx_word' id='word_1_296' title='bbox 281 3973 292 4004; x_wconf 77' lang='lat' dir='ltr'><strong>a</strong></span> <span class='ocrx_word' id='word_1_297' title='bbox 306 3957 424 4024; x_wconf 78' lang='lat' dir='ltr'><strong>(tantan,</strong></span> <span class='ocrx_word' id='word_1_298' title='bbox 435 3957 481 4008; x_wconf 88' lang='lat' dir='ltr'><strong>eol.</strong></span> <span class='ocrx_word' id='word_1_299' title='bbox 496 3957 662 4019; x_wconf 84' lang='grc'><strong>1558-1559.)</strong></span> 
     </span>
    </p>
   </div>
   <div class='ocr_carea' id='block_1_4' title="bbox 0 0 1571 4906">
    <p class='ocr_par' dir='ltr' id='par_1_4' title="bbox 0 0 1571 4906">
     <span class='ocr_line' id='line_1_34' title="bbox 0 0 1571 4906; baseline 0 0"><span class='ocrx_word' id='word_1_300' title='bbox 0 0 1571 4906; x_wconf 95' lang='lat' dir='ltr'><strong> </strong></span> 
     </span>
    </p>
   </div>
  </div>
 </body>
</html>
