3088 4926
616 450 770 548 (aaa)

172 591 312 673 episcopo
327 609 378 664 ne,
393 600 507 652 mutato
522 591 658 665 oonsilio,
672 589 744 667 ipsis
759 589 836 666 apud
852 608 902 650 ees
918 588 964 648 his
979 607 1053 665 quos
1073 588 1102 646 in
1123 588 1185 648 Ton

172 697 234 778 gris
249 695 379 773 captivos
393 705 535 773 ceperant
549 692 627 753 cives
639 693 676 752 ad
687 691 727 773 (1)
738 693 818 752 exitu
831 693 911 771 ipsos
924 703 1097 752 revocarent
1109 689 1160 772 (b).

215 797 354 856 Occurrit
373 795 470 873 primo
491 803 611 873 aspectu
638 794 674 854 ad
698 795 777 873 ipsas
801 794 928 854 civitatis
949 801 1048 872 portas
1067 802 1150 852 atrox
1175 804 1205 852 et

175 895 360 957 horrendum
373 895 587 974 spectaculum:
600 894 839 954 exiverantenim
852 913 884 953 ea
898 893 945 954 die
958 895 1049 953 multe
1060 913 1076 953 e
1087 894 1205 953 civitate

176 997 316 1058 mulieres
331 1006 359 1058 et
374 1015 459 1056 senes
475 996 609 1056 imbelles
631 1015 698 1058 eum
721 997 861 1074 plaustris
875 1007 905 1055 et
926 996 1009 1073 cquis
1029 996 1065 1056 ad
1084 995 1205 1076 perqui·
1281 1024 1283 1028 ·

175 1099 268 1159 rende
292 1106 484 1176 cognatorum
508 1109 538 1158 ct
558 1098 722 1158 amicorum
747 1097 899 1172 cadavera,
920 1096 1116 1174 adductisque
1141 1096 1205 1156 lere

177 1198 312 1260 ducentis
330 1197 523 1258 cadaveribus
544 1199 574 1257 in
598 1197 766 1275 proximum
787 1199 895 1277 portis,
915 1215 1053 1275 campum
1069 1194 1110 1276 (ὅ)
1124 1196 1207 1272 quis-

176 1318 234 1378 quc
255 1318 342 1360 suum
366 1299 541 1376 perquirens
564 1308 594 1358 et
614 1317 791 1378 cognoscere
812 1299 936 1360 studens
958 1311 1055 1359 cetera
1077 1299 1207 1357 circuni·

178 1402 353 1473 volvebant;
372 1400 541 1460 miserabile
561 1401 624 1460 visu
639 1404 646 1460 1
662 1401 743 1460 ldem
759 1399 800 1479 (li)
814 1401 956 1460 contiuuo
976 1400 1082 1460 itinere
1099 1399 1206 1476 passim

177 1503 226 1562 alii
251 1499 448 1562 occurrebant
469 1520 561 1580 super
582 1520 727 1578 equorum
753 1502 840 1562 dorsa
867 1513 935 1560 ante
961 1520 992 1560 se
1019 1501 1152 1580 perfossa
1179 1510 1208 1559 et

179 1605 295 1664 concisa
310 1621 433 1662 suorum
448 1603 589 1661 cadavera
604 1603 784 1662 deserentes.

220 1707 293 1765 Cum
320 1704 475 1782 paululum
496 1724 513 1763 a
533 1705 651 1764 civitate
673 1704 795 1782 digressi
822 1723 964 1775 essemus,
987 1722 1081 1782 prope
1109 1703 1208 1762 villam

180 1805 284 1866 Lantin
301 1804 364 1882 (ubi
379 1815 481 1864 exacto
494 1805 541 1864 die
554 1805 664 1865 bellum
680 1817 763 1865 atrox
780 1805 889 1884 luerat)
903 1803 996 1864 visum
1013 1813 1057 1863 est
1072 1804 1166 1882 legato
1181 1813 1210 1861 et

181 1907 320 1986 episcopo
341 1917 375 1966 ut
393 1907 521 1988 loannes
544 1907 627 1965 miles
649 1926 716 1966 cum
738 1927 789 1966 sua
817 1916 1000 1967 armatorum
1026 1905 1148 1964 cohorte
1173 1905 1209 1964 ad

181 2008 329 2068 civitatem
349 2006 469 2078 rediret,
484 2024 522 2065 ne
537 2006 601 2084 ejus
617 2026 761 2066 concursu
772 2016 961 2067 armatorum
979 2007 1041 2066 viso
1058 2005 1210 2085 Burgundi
1316 2023 1317 2028 ¹

183 2109 219 2168 ad
235 2107 345 2167 bellum
361 2107 581 2166 excitarentur:
602 2108 652 2184 qui
678 2116 710 2166 ut
735 2108 846 2167 rediret
861 2107 1042 2178 admonitus,
1061 2107 1090 2164 id
1114 2105 1210 2166 faeere

184 2207 349 2282 recusabat,
361 2226 497 2268 asserens
512 2227 544 2267 se
555 2208 634 2267 nolle
649 2209 680 2268 in
692 2208 840 2269 civitatem
856 2209 966 2268 reverti
982 2207 1019 2268 ad
1031 2209 1210 2268 rusticorum

184 2329 290 2369 manus
304 2329 340 2370 ex
357 2311 397 2388 (5)
412 2318 597 2388 potestatem,
616 2312 666 2386 qui
686 2311 785 2389 ipsum
803 2310 899 2388 pridie
919 2312 948 2371 in
969 2312 1080 2390 eampis
1096 2310 1212 2370 interii·

182 2430 248 2472 cere
265 2422 498 2489 temptaverant;
514 2422 544 2472 et
558 2411 587 2469 in
603 2410 681 2470 hanc
693 2411 770 2471 fixus
782 2413 1051 2483 eratscntentiam3
1068 2412 1119 2471 sed
1135 2410 1213 2490 lega-

184 2523 232 2574 tus
251 2521 281 2572 et
296 2513 455 2590 episcopus
475 2512 589 2592 magnis
608 2512 843 2572 exortationibus
863 2512 960 2590 ipsum
980 2511 1016 2571 ad
1040 2513 1158 2572 civitate
1173 2510 1212 2592 (6)

185 2613 302 2694 regredi
314 2612 487 2688 suadebant,
498 2615 639 2691 precipue
651 2633 688 2673 nc
699 2614 875 2674 Leodienses
886 2614 1024 2672 violatam
1035 2612 1107 2690 ipsis
1117 2613 1214 2674 datam

186 2714 278 2775 fidem
304 2726 443 2793 putarent
468 2724 497 2773 et
522 2714 626 2790 aliquis
654 2715 798 2774 tumultus
824 2715 869 2773 vel
897 2714 1015 2792 eruptio
1031 2714 1071 2772 ·in
1099 2714 1216 2775 civitate

187 2817 274 2878 fieret
288 2818 318 2876 in
334 2816 468 2894 ipsorum
485 2834 624 2894 maguum
638 2817 813 2893 periculum.
826 2816 981 2894 Acquievit
993 2816 1120 2876 loannes
1132 2817 1217 2875 miles

187 2918 275 2996 legati
300 2929 329 2976 et
354 2916 484 2994 episcopi
510 2915 744 2976 exortationibus
768 2907 799 2975 et
816 2910 1037 2976 'ad¹'civitatem
1065 2903 1218 2993 regressus

188 3030 243 3091 est,
263 3035 321 3077 non
341 3017 406 3076 sine
423 3016 530 3076 mentis
547 3016 689 3089 molestia,
706 3017 801 3095 palam
818 3017 973 3095 predicans
992 3016 1075 3076 acad
1092 3029 1217 3077 mortem
1246 3031 1250 3038 ’

221 3277 258 3342 (1)
276 3277 309 3327 Ce
326 3291 430 3342 passage
448 3285 488 3328 est
504 3277 748 3340 incomprehensible
769 3277 786 3326 ll
800 3277 910 3329 laudrait
923 3292 928 3328 :
941 3279 1058 3340 consilio,
1070 3279 1127 3342 ipso
1137 3285 1222 3329 cleos

189 3378 254 3432 quos
266 3367 294 3414 in
307 3363 416 3428 Tonpris
427 3370 551 3428 ceperant
561 3365 629 3415 cives
641 3363 674 3414 ab
686 3366 761 3414 celtu
772 3370 935 3415 revocarent.

223 3453 260 3514 (a)
276 3449 313 3500 ci.
325 3452 495 3509 Piecononuu,
508 3463 584 3514 peges
599 3449 720 3500 ott-579.
734 3449 847 3512 Philippa
860 3449 891 3500 de
904 3451 1046 3501 commines
1058 3451 1161 3512 pre'tend
1172 3464 1222 3514 que

190 3537 213 3586 le
224 3536 291 3601 legat
303 3533 449 3586 s'enfuitde
462 3536 483 3584 la
496 3535 553 3586 cite.
567 3537 639 3586 cette
654 3535 776 3585 assertioa
795 3541 835 3586 est
851 3534 950 3586 refutee
967 3549 1012 3599 par
1030 3550 1060 3586 na
1078 3537 1223 3596 Geraneae,

192 3622 306 3674 Histoire
316 3623 347 3671 de
359 3621 441 3686 caepe,
454 3633 516 3684 page
528 3621 586 3672 283.

225 3709 262 3774 (ll)
280 3709 353 3758 Lisez
363 3709 525 3772 sepontum?

225 3797 262 3860 (1)
279 3798 353 3848 Lisez
365 3796 434 3846 item.

229 3883 265 3948 (5)
282 3884 354 3934 Lisez
365 3887 398 3934 ct.

229 3970 264 4035 (6)
282 3971 502 4021 bisancioitotem.
