3088 4926
528 457 744 552 ¹(tu)

140 607 252 668 cantes,
267 606 467 674 rogantesque
483 606 516 654 ut
530 596 588 658 iter
603 605 700 656 tutum
716 597 835 668 rederet
846 609 903 658 eta
917 599 993 659 bello
1005 619 1036 660 se
1048 617 1178 678 suosque

141 698 319 760 contineret.

183 797 363 877 Expectabat
375 797 497 877 legatus,
506 797 649 858 continuo
660 807 782 876 paratus
794 798 830 858 ad
839 799 906 873 iter,
914 818 1018 859 eorum
1031 801 1176 875 reditum;

141 917 271 977 cumque
283 898 420 976 sequenti
431 898 478 958 die
490 917 550 959 non
561 899 698 959 rediisset
706 901 730 978 (l
738 898 758 979 ),
766 901 861 978 major
869 902 1010 963 omnibus
1019 902 1176 964 admiratio

141 1000 173 1062 et
186 1021 257 1062 cura
272 1001 395 1062 suborta
411 996 464 1061 esl.
480 1002 622 1079 Sequenti
637 1001 694 1076 die,
709 1019 827 1062 summo
839 1002 981 1076 diluculo,
992 1005 1088 1082 qualis
1100 1005 1176 1064 Βυτ-

140 1104 314 1184 gundorum
336 1103 462 1165 intentio
484 1102 576 1165 suerit
596 1105 710 1165 detecta
732 1114 795 1165 est:
812 1125 880 1166 nam
897 1108 1076 1169 venerabilis
1092 1120 1177 1188 pater

141 1209 364 1267 carmelitarum
385 1207 533 1286 generalis
557 1206 593 1266 ad
620 1207 751 1285 legatum
773 1209 866 1282 venit,
890 1217 994 1269 notum
1016 1210 1042 1270 ei
1065 1211 1177 1272 iaciens

142 1307 292 1387 aquandum
315 1307 447 1368 nobilem
472 1308 649 1368 abbatissam
676 1309 799 1388 insignis
823 1309 977 1388 cujusdam
1004 1313 1176 1374 monasterii

141 1411 314 1470 monialium
332 1428 424 1489 prope
439 1411 515 1469 lluio
530 1409 571 1488 (b)
585 1410 701 1471 misisse
716 1411 752 1469 ad
770 1429 838 1470 eum
855 1412 993 1472 ancillam
1005 1413 1176 1474 monasterii

139 1513 286 1583 celeriter,
299 1511 503 1571 nunctiantem
519 1533 536 1568 c
553 1511 661 1571 lamam
674 1531 738 1573 esse
751 1513 781 1573 in
795 1515 870 1573 lluio
882 1514 1011 1593 legatum
1027 1515 1077 1575 illo
1094 1524 1177 1575 tran-

140 1613 270 1672 siturum
282 1621 312 1670 ut
325 1611 361 1671 ad
374 1613 478 1671 ducem
489 1613 661 1691 Burgundio
674 1626 776 1691 pergat
786 1632 792 1672 :
802 1633 834 1672 oc
846 1616 998 1692 sexaginta
1011 1615 1126 1692 equites
1133 1614 1175 1675 ibi

142 1715 327 1793 conspirasse
340 1721 383 1784 ut,
394 1712 512 1772 obviam
526 1714 618 1792 legato
631 1714 784 1773 venientes
797 1714 853 1774 sub
864 1715 999 1774 simulato
1014 1715 1136 1775 honoris
1147 1724 1178 1775 et

142 1817 281 1877 comitive
292 1817 464 1889 exibitione,
476 1817 573 1895 ipsum
585 1836 651 1876 cnm
664 1817 803 1877 omnibus
816 1818 878 1877 suis
890 1818 1096 1879 interficerent
1107 1837 1174 1878 cum

141 1915 272 1992 primum
290 1924 372 1972 entra
388 1931 491 1992 agrurn
509 1913 699 1973 Leodiensenr
715 1933 783 1974 eum
799 1915 1014 1975 conduxissent
1029 1915 1174 1994 inproui-

141 2017 197 2076 mis
213 2015 295 2076 silvis
309 2036 336 2074 n.
348 2014 544 2076 confirmavit
556 2014 632 2074 banc
644 2015 752 2074 lamam
767 2036 848 2077 mora
864 2017 997 2077 redditus
1010 2017 1049 2095 (5)
1063 2020 1175 2078 cancel·

139 2117 205 2177 larii
221 2127 250 2177 et
264 2117 459 2195 Vogelzuuca
476 2118 663 2191 marescallo,
676 2117 729 2195 qui
745 2119 868 2178 comites
892 2119 1008 2178 itineris
1029 2120 1116 2197 legati
1138 2119 1175 2179 ad

139 2219 246 2279 ducem
262 2220 307 2298 (ut
322 2237 413 2297 supra
428 2219 598 2296 retulimus)
612 2220 758 2299 deputati,
772 2221 835 2281 sire
851 2239 952 2281 rerum
969 2219 1176 2298 desperatione

144 2319 227 2391 moti,
249 2319 310 2378 sivc
332 2327 412 2378 melu
427 2319 577 2394 deterriti,
592 2321 654 2379 sive
669 2339 683 2376 a
701 2321 873 2381 marescallo
888 2319 1012 2391 detenti,
1028 2339 1175 2398 nusquam

143 2421 174 2480 in
196 2421 343 2480 civitatem
361 2419 524 2481 redierunt.
544 2421 642 2480 Rebus
657 2423 748 2500 igitur
759 2424 882 2482 omuino
897 2422 935 2480 de
949 2440 1020 2499 paee
1035 2421 1179 2498 despera-'

144 2522 192 2597 tis,
216 2521 348 2598 undiquc
370 2530 399 2580 ct
419 2520 561 2598 utrinque
577 2520 667 2581 fiebat
688 2522 724 2582 ad
746 2541 826 2581 arma
848 2540 1019 2592 concursus,
1041 2522 1177 2582 actonitis

144 2623 279 2682 omnium
297 2622 447 2682 mentibus
462 2631 492 2681 et
508 2624 614 2699 partim
631 2625 770 2693 accensis,
785 2621 928 2700 quidnam
943 2622 1083 2701 deinceps
1098 2622 1177 2682 soret

144 2722 300 2802 agendum.
323 2723 422 2793 Tunc,
444 2733 530 2782 nocto
551 2722 661 2795 medio,
680 2724 836 2803 religiosus
851 2724 972 2799 quidam
989 2732 1018 2782 et
1033 2727 1116 2782 socer
1131 2723 1177 2782 vir

144 2823 182 2884 ad
203 2823 330 2902 legatum
354 2823 492 2894 veniens,
514 2822 587 2881 claui
614 2824 735 2882 semotis
760 2822 895 2894 arbitris,
921 2824 947 2882 ei
972 2823 1178 2882 donunctiavit

143 2946 161 2980 c
176 2923 349 3002 episcopum
364 2923 572 3000 superioribus
584 2924 689 2984 diebus
704 2924 893 3002 frequentem
910 2923 1048 2983 babuisse
1068 2936 1173 2989 tracta-

145 3037 208 3084 tum
224 3043 291 3084 cum
308 3023 353 3086 bis
367 3024 417 3100 qui
434 3043 501 3084 eum
518 3014 688 3084 marescallo
704 3038 804 3099 erant,
820 3043 950 3106 quonam
971 3025 1071 3097 ruodo,
1090 3025 1175 3086 dissi-

145 3125 256 3187 mulato
275 3123 411 3184 habitum
430 3123 481 3205 (l),
500 3136 583 3184 (rutra
602 3126 752 3186 civitatem
772 3125 906 3206 effugere
927 3126 964 3187 ad
985 3145 1036 3186 eos
1059 3136 1175 3204 posset;

143 3226 408 3288 consideraverant
429 3237 529 3288 autem
546 3227 583 3286 ud
598 3227 654 3287 boc
670 3227 879 3304 exequendum
897 3228 996 3306 qilures
1014 3228 1127 3303 modos,
1143 3238 1176 3287 ut

144 3327 201 3388 sub
219 3326 322 3387 habitu
339 3328 444 3387 ancille
461 3329 505 3387 vel
522 3329 623 3388 rustici
638 3341 687 3388 aut
704 3329 804 3388 fratris
827 3328 951 3387 minoris
972 3347 1023 3388 seu
1046 3329 1176 3408 numptii

146 3431 256 3509 publici
268 3442 318 3490 aut
331 3431 474 3504 satellitis,
487 3441 569 3492 extra
581 3431 729 3490 civitatem
742 3431 829 3490 noctu
843 3431 938 3489 exiret
949 3439 978 3489 et
989 3430 1026 3490 ad
1036 3433 1175 3510 burgun-

176 3713 213 3780 (l)
231 3715 304 3766 bisen
315 3714 462 3765 rediissent.
866 3768 869 3773 ,
936 3781 937 3784 ¹

176 3787 213 3865 (Ξ)
229 3801 422 3852 Probablement
434 3799 549 3862 l'abbaye
560 3799 594 3849 du
606 3799 650 3848 Val
663 3783 832 3849 Notae-[lame
844 3811 878 3848 ou
890 3798 952 3848 celle
965 3799 998 3848 de
1009 3797 1126 3850 Solleres.

178 3888 215 3952 (5)
232 3888 305 3938 Lisez
316 3887 424 3937 reditus.

152 3975 154 3978 ’
178 3973 215 4038 (l)
233 3974 306 4023 Lisez
318 3971 416 4022 bobilo.
