3088 4926
800 478 926 576 (ὅῖ)

352 641 419 683 cum
433 621 594 702 capitaneis
607 630 636 680 et
649 621 875 699 intelligendum
887 619 959 697 quid
971 619 1170 680 intenderent.
1180 621 1274 699 Igitur
1285 623 1380 682 missis

352 723 468 787 duobus
481 742 516 783 ex
533 721 737 782 sacerdotibus
749 722 930 802 cappellanis
942 721 1012 793 suis,
1026 740 1162 782 unacum
1179 721 1296 781 duobus
1313 723 1380 783 reli-

352 824 440 903 giosis
462 821 614 882 monacbis
628 822 738 900 populo
758 823 851 900 magis
867 823 953 895 notis,
976 822 1084 897 quibus
1104 822 1184 898 loqui
1207 823 1378 882 mandatum

352 933 396 984 est
412 925 441 982 in
456 922 512 981 hac
527 923 672 981 sententia
687 941 693 980 :
706 944 724 978 u
740 924 822 999 Ipsos
835 920 946 983 debere
958 921 1033 980 seire
1046 923 1175 1000 legatum
1188 941 1251 982 esse
1264 923 1293 980 in
1306 922 1379 981 civi-

352 1031 411 1084 tate
426 1034 455 1083 et
473 1023 614 1083 continuo
630 1031 769 1083 tractasse
791 1034 820 1082 et
838 1035 961 1082 tractare
976 1023 1163 1082 concordiam
1182 1023 1378 1084 universalem

352 1124 441 1185 totius
471 1123 588 1202 patriae,
613 1123 735 1200 jamque
763 1142 827 1182 esse
853 1123 1010 1182 deductam
1037 1122 1074 1181 ad
1101 1124 1193 1183 bonos
1220 1123 1378 1194 terminos3

351 1223 452 1283 mirari
467 1242 532 1282 sese
546 1223 582 1281 de
600 1223 655 1281 hac
674 1222 803 1282 novitate
824 1232 854 1282 et
875 1231 933 1282 tam
948 1222 1053 1303 grandi
1066 1224 1209 1294 tumulae
1225 1243 1333 1302 cupere
1348 1242 1378 1282 se

351 1325 425 1384 seire
440 1323 491 1399 qui
509 1332 618 1396 essent,
633 1323 713 1382 unde
732 1325 880 1399 venirent,
895 1343 962 1401 qttae
980 1334 1057 1384 esset
1071 1344 1175 1385 eorum
1198 1325 1334 1384 intentio.
1348 1325 1376 1383 Si

353 1434 493 1486 tractatus
515 1425 671 1484 concordie
691 1426 761 1504 ipsis
784 1427 917 1504 ingratus
932 1429 979 1500 sit,
995 1435 1025 1486 et
1046 1427 1070 1485 si
1093 1426 1241 1504 presentia
1266 1426 1329 1503 ejus
1348 1428 1376 1484 in

350 1526 468 1585 civitate
484 1526 529 1584 vel
543 1525 636 1604 patria
652 1526 806 1585 Lcodiensi
822 1535 898 1586 essct
918 1525 960 1586 eis
981 1527 1113 1600 molesta,
1130 1545 1162 1586 se
1177 1526 1304 1585 libenter
1319 1526 1377 1586 dis-

352 1645 505 1686 cessurum
520 1627 556 1684 ad
574 1626 740 1707 peragenda
765 1627 820 1686 alia
847 1627 902 1686 sibi
920 1627 1034 1707 negotia
1055 1628 1209 1687 conmissa.
1232 1627 1378 1699 »Quibus

352 1728 486 1807 nunptiis
504 1727 541 1787 ab
556 1729 626 1807 ipsis
643 1728 803 1788 cumomni
820 1729 1011 1788 veneratione
1028 1729 1169 1806 receptis,
1186 1727 1286 1787 babito
1302 1729 1378 1787 iuter

351 1848 383 1888 se
394 1847 529 1888 seorsum
544 1826 711 1904 conloquio,
726 1829 782 1888 boc
797 1828 827 1888 in
843 1828 949 1888 eliceto
968 1846 1145 1905 responsum
1160 1838 1204 1887 est
1220 1848 1226 1886 ι

91 1935 220 2039 Responsio
246 1933 337 1981 exutum
397 1955 409 1983 ‹
432 1932 468 1989 Se
484 1948 549 1989 esse
563 1931 642 1988 cives
663 1941 691 1989 et
708 1929 821 1988 nobiles
836 1929 960 1989 civitatis
976 1939 1005 1988 ct
1018 1930 1120 2007 patriae
1138 1927 1312 1997 leodiensis,
1328 1929 1376 1986 diu

144 1997 194 2040 Μ
210 1993 293 2052 legato.
347 2032 408 2109 jam
421 2053 436 2090 a
450 2032 541 2110 patria
555 2033 667 2101 exules;
677 2032 740 2109 jam
751 2049 782 2091 se
796 2050 859 2090 esse
872 2030 960 2103 sume,
972 2030 1018 2089 siti
1031 2041 1058 2089 et
1072 2031 1206 2089 nuditate
1221 2029 1378 2104 confectos,

351 2151 406 2192 nec
428 2152 513 2210 posse
533 2133 661 2211 amplius
683 2133 741 2210 pati
758 2131 879 2192 exilium
892 2152 899 2203 ;
912 2132 1036 2192 rediisse
1057 2132 1093 2190 ad
1113 2132 1250 2210 patriam,
1268 2131 1380 2202 domos,

351 2231 580 2292 uxoresetlilios
594 2233 744 2310 proprios;
760 2233 934 2291 intentionis
945 2251 1048 2291 eorum
1063 2231 1125 2291 lore
1136 2250 1197 2290 esse
1210 2231 1379 2290 obedientes

348 2344 448 2393 sancto
473 2334 535 2393 sedi
561 2333 720 2410 apostolice
740 2344 769 2392 et
791 2352 814 2391 s.
835 2332 864 2391 d.
887 2351 915 2390 n.
940 2351 1014 2410 pape
1040 2346 1069 2391 et
1094 2350 1221 2408 persone
1242 2331 1271 2390 d.
1294 2333 1377 2410 legati

350 2445 489 2510 tanquam
519 2451 675 2512 personant
694 2453 716 2493 s.
743 2434 771 2492 d.
799 2452 827 2491 n.
851 2433 1084 2511 representanti,
1104 2451 1219 2492 necnon
1247 2434 1376 2512 ipsorum

348 2554 489 2613 supremo
514 2535 635 2595 domino
662 2535 802 2612 episcopo
831 2533 994 2606 leodiensi,
1020 2553 1155 2613 proquo
1182 2535 1268 2604 bona,
1287 2536 1376 2594 uitam

347 2645 376 2697 et
391 2655 516 2714 corpora
532 2655 682 2714 exponere
698 2638 794 2715 parati
810 2646 912 2710 erant3
929 2635 982 2696 sed
995 2648 1027 2696 ut
1038 2638 1182 2696 eximeret
1194 2656 1224 2696 se
1237 2638 1333 2714 ipsum
1349 2647 1377 2696 et

347 2756 397 2799 eos
414 2736 451 2796 ab
467 2737 657 2797 intollerabili
673 2739 829 2808 servitute,
844 2738 1025 2817 presentiam
1038 2737 1149 2797 domini
1163 2739 1249 2818 legati
1268 2738 1376 2797 nedum

347 2838 417 2917 ipsis
437 2839 500 2898 iore
521 2840 674 2899 molestam
698 2838 750 2898 sed
771 2839 970 2918 gratissimam
987 2850 1016 2899 et
1030 2857 1147 2898 summe
1167 2839 1376 2909 neeessariam

345 2959 446 3018 ymmo
468 2940 492 2999 si
507 2940 612 2999 absens
628 2959 643 2997 a
659 2940 777 2999 civitate
792 2947 877 3013 esset,
892 2942 991 3015 ipsum
1004 2958 1096 3017 super
1110 2958 1216 3000 eorum
1230 2943 1323 3018 capita
1340 2941 1374 2998 ad

344 3039 492 3099 civitatem
516 3039 675 3098 delaturos.
698 3041 733 3097 Et
754 3039 895 3115 quoniam
916 3039 1132 3099 intellexissent
1155 3059 1223 3098 eum
1245 3041 1374 3118 suspica-

345 3151 408 3200 tum
424 3139 515 3199 suisse
527 3140 565 3199 de
575 3139 672 3216 aliqua
690 3139 803 3198 lesione
815 3139 861 3198 vel
873 3138 986 3198 offensa
1003 3140 1059 3199 sibi
1075 3141 1121 3199 uel
1136 3140 1197 3200 suis
1210 3140 1373 3213 inferenda,

344 3241 494 3301 declarare
509 3259 540 3299 se
558 3239 716 3317 dispositos
731 3241 767 3298 ad
784 3240 965 3318 suppliciunt
988 3241 1024 3301 de
1045 3261 1105 3300 uno
1124 3259 1242 3318 quoque
1257 3260 1373 3300 soacen-

344 3342 416 3401 dom
432 3340 482 3418 qui
499 3342 546 3400 vel
562 3341 714 3401 minimam
739 3341 879 3419 injuriam
895 3343 996 3402 domui
1011 3343 1057 3402 vel
1077 3342 1195 3401 familiae
1213 3341 1278 3418 ejus
1294 3343 1371 3400 iutu-

344 3444 455 3505 lissent.
469 3464 486 3498 a
498 3445 530 3502 Et
548 3443 603 3502 boe
616 3442 695 3526 idem
708 3441 784 3502 illico
802 3462 857 3522 per
872 3443 947 3502 duos
963 3462 997 3502 ex
1013 3443 1194 3520 primoribus
1210 3442 1322 3502 civibus
1335 3442 1370 3499 ad

344 3550 472 3626 legatum
490 3545 585 3604 missis
601 3545 795 3622 replicarunt,
811 3545 1012 3624 supplicantes
1025 3554 1057 3604 ut
1070 3543 1279 3618 incrastinum
1300 3545 1369 3604 bora

345 3650 417 3727 ipsis
443 3646 604 3723 capitaneis
628 3645 831 3724 assignaretur
856 3664 912 3722 qua
939 3665 1043 3706 omnes
1068 3647 1155 3706 simul
1180 3647 1217 3705 ad
1241 3648 1369 3726 legatum

344 3751 447 3812 venire
462 3758 592 3826 possent.

385 3848 530 3909 tlonsolati
550 3865 653 3905 sumus
673 3862 777 3903 omrtes
798 3841 828 3901 in
849 3842 949 3901 verbis
964 3842 1039 3917 istis,
1054 3853 1085 3904 et
1099 3845 1172 3923 ipsis
1188 3847 1369 3906 conlaudatis

343 3952 380 4010 de
403 3951 480 4009 bono
502 3966 606 4007 eoroxn
630 3944 781 4024 proposito
803 3944 839 4002 ad
862 3943 1062 4002 obediendum
1086 3965 1107 4004 s.
1132 3944 1213 4032 ⁶1¹¹·
1243 3966 1316 4026 pape
1341 3957 1369 4006 et

343 4054 487 4123 Ecclesiae,
502 4049 609 4111 obtulit
624 4051 737 4128 legatus
760 4065 791 4104 se
806 4043 965 4104 efficaciter
985 4044 1190 4105 laboraturum
1213 4049 1248 4106 ad
1271 4049 1366 4127 impe-
