3088 4926
604 469 770 568 (aa).

157 610 253 691 petiit,
267 609 405 669 omnibns
417 608 500 686 equis
515 620 544 668 et
555 609 646 670 rebus
656 609 716 670 suis
732 608 868 689 perditis,
883 627 952 670 nam
970 609 1047 670 sorte
1062 611 1186 689 contigit

157 720 192 772 ut
212 711 310 789 primo
330 706 395 789 ejus
415 708 521 772 domus
545 709 583 769 ab
602 709 738 771 hostibus
762 710 965 785 invaderetur,
991 721 1077 788 porte
1103 712 1183 791 opidi

157 811 322 890 proximior
336 811 416 884 aliis3
431 810 516 872 multi
528 810 559 871 in
574 812 689 885 cloacis,
705 811 802 890 puteis
817 820 846 872 et
859 811 1063 872 subterraneis
1075 830 1183 890 specu·

156 911 212 974 bus
224 931 256 971 sc
267 909 462 980 abdiderunt;
474 911 559 988 pauci
574 930 656 984 vero,
669 911 796 990 sumptis
808 911 909 984 armis,
924 911 1001 972 circa
1013 910 1112 972 iorum
1124 911 1182 972 illis
1239 913 1242 922 '

155 1022 357 1085 occurrentes,
372 1031 477 1092 magna
491 1013 713 1090 insequentium
729 1013 757 1074 vi
773 1013 884 1091 repulsi
904 1023 994 1074 sunt:
1011 1014 1091 1076 inter
1109 1033 1183 1090 quos
1261 1069 1264 1077 t

155 1118 245 1178 etiam
260 1116 414 1194 episcopus
430 1115 597 1177 leodiensis
616 1131 683 1175 cum
698 1134 760 1178 uno
778 1135 814 1176 ex
829 1116 889 1176 suis
903 1127 1017 1193 septem
1033 1113 1182 1176 archidia-

154 1217 247 1291 conis,
262 1216 402 1294 magistro
417 1215 546 1275 lieberto
557 1214 594 1275 de
609 1216 775 1276 blorcalmis
789 1205 841 1295 (i),
856 1216 912 1276 sibi
926 1215 1088 1276 admodum
1103 1234 1181 1276 caro.

155 1316 268 1378 Armati
283 1333 351 1374 cum
368 1315 469 1394 paucis
488 1315 644 1376 comitibus
666 1315 697 1375 in
719 1316 818 1376 vicum
840 1316 1000 1394 quemdam
1022 1317 1181 1396 progressi,

153 1417 295 1498 incogniti
309 1425 406 1477 tamen
422 1425 547 1496 propter
557 1418 688 1478 intensas
702 1417 839 1480 tenebras
855 1418 958 1490 noetis,
970 1435 1047 1496 pene
1061 1417 1183 1478 extincti

152 1530 223 1580 sunt
244 1518 472 1597 spingardarnm
492 1528 522 1577 et
542 1529 733 1598 sagyptarum
749 1517 790 1598 (Ξ)
806 1517 913 1578 ictibus
925 1538 932 1592 ;
946 1517 1107 1594 Robertus,
1122 1519 1182 1580 ictu

153 1619 295 1680 tormenti
309 1617 459 1678 confracto
472 1628 502 1678 et
516 1620 645 1680 contrito
661 1618 782 1697 penitus
797 1638 861 1680 osse
876 1618 984 1691 cruris,
999 1603 1063 1680 fere
1077 1621 1182 1680 exani-

154 1729 250 1780 matus
261 1727 306 1778 est
318 1717 427 1794 vixque
440 1718 476 1777 ad
491 1718 621 1796 episcopi
636 1719 757 1780 domum
775 1719 937 1780 semivivus
952 1717 1114 1780 redductus
1131 1720 1182 1798 (5).

153 1820 315 1898 Episcopus
327 1837 407 1892 vcro,
416 1827 450 1878 ut
460 1819 523 1897 ipsc
534 1827 634 1895 postea
647 1827 771 1880 testatus
782 1827 835 1892 est,
847 1819 959 1896 sagittis
972 1827 1001 1877 et
1013 1819 1182 1898 spingardis

152 1920 231 1980 circa
249 1919 371 1980 dorsum
385 1928 415 1978 et
428 1918 532 1979 laciem
547 1919 611 1997 ejus
625 1918 804 1992 volantibus,
820 1929 883 1980 tum
898 1920 939 1980 cis
955 1919 1044 1980 etiam
1059 1921 1180 1996 exustis,

152 2021 264 2082 inlesus
279 2021 327 2080 vix
342 2020 476 2094 credens,
489 2020 611 2080 domum
626 2023 688 2081 Deo
703 2020 868 2100 opitulante
883 2020 1026 2080 reductus
1041 2031 1095 2096 est,
1110 2039 1182 2082 con·

151 2121 343 2184 currentibus
356 2120 393 2181 ad
407 2122 470 2200 ejus
485 2121 686 2182 babitaculum
701 2122 841 2182 omnibus
854 2121 917 2182 lere
930 2123 1077 2191 exercitus
1093 2123 1140 2182 sui
1151 2131 1181 2184 et

154 2223 383 2301 burgundorum
395 2223 521 2283 ducibus
533 2223 584 2299 qui
595 2223 626 2283 in
636 2223 725 2302 opido
736 2232 917 2295 manserant,
925 2223 988 2301 jam
1001 2223 1105 2303 ingere
1116 2243 1178 2284 non

153 2323 320 2384 valentibus
330 2343 339 2396 ;
351 2322 451 2401 paucis
465 2340 537 2383 vero
551 2341 586 2384 ex
601 2323 833 2397 comilitonibus,
853 2342 947 2400 usque
963 2323 999 2381 ad
1019 2342 1179 2383 numerum

151 2425 377 2505 quinquaginta,
392 2425 423 2485 in
439 2423 569 2486 tenebris
585 2424 678 2485 noetis
693 2425 791 2502 primo
806 2443 953 2486 concursu
971 2425 1181 2484 miserabiliter

151 2527 267 2590 occisis.
820 2589 822 2593 .

192 2628 316 2707 laegatus
335 2626 372 2686 ad
391 2625 504 2705 primos
526 2625 753 2704 spingardarum
775 2631 805 2684 et
823 2625 1014 2684 clamantium
1039 2643 1130 2686 sonus
1149 2634 1180 2685 ct
1194 2633 1296 2702 provisio
1314 2634 1336 2680 te
1352 2633 1381 2680 ati
1397 2633 1442 2680 cir-

153 2745 236 2789 roccs
248 2728 371 2802 excitus,
383 2736 485 2787 vocato
499 2725 626 2787 cubiculi
640 2727 685 2784 sui
701 2725 831 2800 custode,
850 2725 976 2804 prelium
993 2738 1022 2785 et
1037 2725 1180 2786 Leodicn·
1237 2705 1263 2740 ⁰³
1277 2705 1315 2740 ¹¹¹³
1342 2698 1396 2740 ‘um‘

152 2847 199 2889 ses
213 2828 314 2888 adesse
330 2828 471 2902 sentiens,
483 2845 587 2904 magna
610 2843 680 2885 voce
695 2843 763 2884 suos
780 2844 887 2904 paucos
914 2836 944 2885 et
958 2824 1082 2886 inbelles
1098 2824 1181 2888 adse

116 2959 121 2969 ·
153 2929 313 2988 convenire
327 2928 493 2988 mandavit:
505 2937 591 2988 erant
602 2927 682 2986 enim
694 2945 729 2986 cx
741 2927 803 2986 suis
815 2945 915 2987 secum
929 2927 959 2986 in
971 2945 1004 2986 ca
1017 2926 1105 2986 domo
1115 2939 1181 2987 octo

153 3029 200 3088 rel
225 3028 338 3102 decem,
361 3029 483 3106 reliquis
508 3047 563 3107 per
581 3027 711 3088 diversas
734 3025 837 3088 domos
856 3028 886 3087 in
902 3027 991 3106 opido
1006 3027 1180 3098 conlocatis;

152 3147 280 3208 cumque
300 3131 356 3190 sibi
377 3147 554 3209 responsum
576 3139 653 3190 esset
668 3147 727 3190 non
745 3129 938 3207 preliantium
954 3129 1006 3189 sed
1022 3129 1180 3190 lctantium

154 3227 219 3290 iore
241 3248 336 3305 voces,
361 3230 425 3310 ipse
450 3248 521 3291 vero
545 3230 640 3290 sciens
662 3228 777 3307 jamdiu
804 3229 959 3290 letantium
987 3229 1094 3291 choros
1118 3229 1182 3290 lore

154 3330 275 3409 sopitos,
286 3349 380 3390 unum
392 3329 495 3390 cxsuis
509 3327 546 3388 ad
558 3329 743 3407 superiorem
761 3328 868 3390 domus
883 3339 997 3407 partem
1013 3330 1138 3390 mictens
1149 3339 1183 3389 ut

155 3451 190 3491 ex
203 3431 323 3492 vocibus
338 3433 362 3491 si
378 3441 476 3510 posset
488 3432 583 3508 aliqua
599 3431 688 3490 verba
704 3439 849 3508 captaret,
861 3431 963 3490 retulit
974 3448 1078 3490 omnes
1089 3429 1182 3489 accla-

156 3551 237 3593 mare
255 3534 345 3592 vitam
369 3534 550 3592 Francorum
567 3534 627 3611 regi
642 3541 672 3592 et
686 3542 814 3592 mortem
831 3531 1010 3610 burgundis.
1031 3531 1183 3604 Quamob-

185 3798 221 3861 (l)
239 3799 306 3846 Nous
315 3809 393 3847 avons
401 3795 457 3858 (leia
466 3795 599 3846 rencontre
608 3809 637 3847 ce
647 3808 808 3859 personnage
817 3796 874 3858 plus
884 3794 955 3854 baut,
968 3806 1031 3858 page
1044 3795 1085 3844 ts.

185 3883 223 3948 (2)
241 3883 490 3948 bisezccpittorum.

187 3970 224 4032 (ὅ)
241 3969 310 4020 Lisez
323 3969 452 4019 reductus.
