3088 4926
814 409 827 504 l
855 407 902 480 ⁶2
929 409 943 505 l

363 549 449 629 plura
464 549 519 607 alia
534 548 566 607 in
581 548 663 606 lrunc
677 546 817 607 effectum
833 564 840 606 :
863 567 880 603 u
896 546 976 623 quod
991 546 1015 605 si
1032 546 1172 604 timerent
1187 565 1234 618 nc,
1250 547 1393 624 depositis

362 650 464 723 armis,
477 649 553 709 male
565 656 764 708 tractarentur
775 647 805 706 in
819 647 962 708 ultionem
978 646 1132 725 sanguinis
1143 665 1198 724 per
1209 647 1392 728 episcopum,

363 751 527 830 cogitarent
540 760 569 810 et
585 758 723 827 peterent
738 767 828 827 quam
842 748 899 824 ipsi
914 747 1008 807 velint
1023 766 1115 826 super
1125 748 1181 808 hoc
1193 749 1393 821 securitatem,

362 852 504 931 quoniam
516 851 592 911 illico
607 858 877 927 consequerentur;
894 859 923 908 ct
938 849 962 907 si
978 847 1065 908 etiam
1079 849 1180 927 (prout
1191 851 1281 926 aliqui
1294 851 1393 930 suspi-

363 965 469 1013 cantur
483 963 514 1012 et
528 953 729 1028 murmurant)
743 958 903 1010 vereantur
915 948 1088 1027 episcopum
1105 949 1181 1009 hanc
1195 949 1286 1010 fidem
1303 931 1410 1011 viola-²

364 1066 476 1125 turum,
491 1059 581 1130 prout
595 1051 731 1130 proxime
746 1049 856 1110 lactum
873 1048 981 1118 fuerat,
997 1067 1032 1108 ex
1054 1067 1134 1108 nunc
1154 1050 1284 1128 legatum
1307 1050 1395 1129 polli-

364 1153 423 1213 ceri
438 1171 470 1212 se
483 1169 587 1211 omnes
602 1169 742 1210 censuras
765 1158 794 1209 et
817 1168 909 1228 penas
932 1167 1005 1225 quas
1026 1161 1126 1227 posset
1142 1161 1171 1208 et
1186 1149 1243 1228 ipsi
1258 1160 1395 1228 peterent

365 1253 508 1312 adversus
524 1253 697 1331 episcopum
715 1250 946 1311 fulminatorum
962 1261 992 1310 ct
1006 1260 1239 1328 exequuturum,
1260 1253 1394 1314 invocato

365 1353 491 1436 seculari
506 1351 627 1412 brachio
642 1353 666 1410 si
681 1369 801 1412 necesse
816 1351 920 1422 fucrit3
937 1373 955 1408 »
977 1361 1007 1412 ct
1025 1353 1139 1429 reliqua
1155 1353 1272 1413 similia.
1288 1353 1394 1414 Eadem

365 1457 396 1514 in
412 1453 519 1515 effectu
536 1453 718 1533 replicarunt
731 1451 861 1512 Judocus
876 1451 913 1511 de
926 1455 1034 1527 Merca,
1045 1454 1206 1513 canonicus
1221 1463 1252 1514 et
1265 1455 1395 1517 officialis

366 1556 535 1618 leodiensis
556 1558 607 1632 (l),
629 1555 751 1615 nomine
775 1566 896 1633 patrum
922 1555 1123 1628 eeclesiarum,
1150 1565 1179 1616 et
1203 1556 1335 1617 Amelius
1359 1559 1395 1618 dc

265 1649 268 1654 ”
366 1657 491 1731 VelroiS,
509 1655 581 1715 civis
604 1655 783 1730 Leodiensis,
805 1655 927 1715 nomine
952 1650 1116 1734 primatum
1137 1656 1187 1732 qui
1211 1675 1279 1716 cum
1302 1657 1396 1736 legato

367 1769 462 1834 eraut,
481 1759 550 1818 lieet
569 1759 660 1836 aliqui
679 1760 777 1839 ipsum
797 1757 1016 1837 redarguerent
1034 1757 1115 1836 quod
1134 1760 1164 1818 in
1187 1763 1328 1820 sermone
1343 1779 1395 1820 suo

339 1885 341 1889 ’
367 1881 427 1921 non
442 1860 557 1939 excepit
571 1879 677 1920 eorum
692 1860 846 1938 privilegia
862 1871 892 1919 et
907 1859 1092 1920 franchisias.

110 1971 218 2022 Seditiosi
246 1971 353 2019 clamori·

125 2031 168 2076 hus
197 2029 290 2078 turbant
314 2042 354 2088 pa-

125 2099 182 2136 cem.

407 1963 451 2022 Ad
466 1963 529 2021 hacc
543 1962 664 2038 quidam
680 1981 716 2020 ex
732 1961 818 2039 plebe
833 1969 1035 2034 susurrantes,
1050 1961 1152 2039 gallice
1167 1961 1286 2022 aiebant
1302 1963 1395 2035 tacite,

369 2073 459 2140 prout
481 2079 553 2120 vcro
574 2061 739 2139 interprete
762 2061 889 2120 relatum
906 2072 950 2120 cst
963 2081 970 2121 :
982 2082 1000 2118 r<
1014 2062 1065 2120 llic
1085 2061 1199 2140 legatus
1214 2061 1290 2121 bona
1307 2062 1395 2124 verba

369 2185 387 2220 a>
405 2162 492 2221 hahet
508 2180 516 2220 z
531 2161 594 2239 ipse
609 2161 698 2220 verba
714 2163 809 2221 solum
825 2161 924 2240 ponit,
946 2180 1001 2222 nos
1018 2173 1116 2222 autem
1128 2163 1268 2240 jugulum
1286 2172 1317 2223 et
1336 2182 1398 2222 cer-

370 2284 388 2318 a
404 2261 481 2320 vices
497 2270 626 2335 nostras;
642 2279 724 2320 arma
740 2272 799 2320 non
815 2260 1000 2340 deponemus
1015 2273 1044 2321 et
1059 2262 1208 2322 civitatem
1228 2281 1289 2322 non
1307 2261 1400 2322 exibi·

370 2383 388 2418 n
403 2379 484 2433 mus;
512 2362 537 2421 si
559 2361 775 2420 interficiamur
795 2363 825 2421 in
848 2360 932 2435 dolo,
954 2361 1002 2420 hic
1023 2362 1136 2440 legatus
1161 2380 1223 2422 non
1247 2361 1400 2423 suscitabit

370 2484 389 2520 a
405 2480 477 2535 nos,
490 2483 508 2518 o
530 2471 560 2522 et
575 2462 667 2521 multa
682 2463 799 2523 similia.
811 2463 941 2523 Accessit
955 2462 992 2522 ad
1006 2462 1061 2521 hec
1071 2463 1192 2540 quidam
1207 2462 1286 2522 iilius
1300 2463 1400 2536 Belial,

372 2564 423 2642 qni
435 2583 502 2624 cum
514 2564 691 2644 primatibus
703 2563 829 2625 civitatis
838 2576 903 2625 erat
914 2565 944 2624 in
957 2565 1104 2644 superiori
1117 2564 1205 2625 domo
1216 2585 1286 2625 cum
1296 2566 1404 2646 legato,

374 2666 493 2726 nomine
514 2666 631 2725 Arlasot
657 2667 702 2725 vel
727 2654 948 2748 Clariasot'ffl),
969 2676 999 2725 et
1020 2684 1087 2725 eum
1111 2685 1146 2726 eo
1171 2667 1348 2727 Conswinus
1366 2667 1401 2727 de

374 2767 510 2840 Stralcm,
525 2767 643 2842 nobilis,
658 2769 709 2844 qui
724 2776 845 2828 extento
856 2766 979 2827 brachio
994 2777 1024 2826 et
1040 2777 1123 2827 tensa
1140 2785 1240 2840 manu,
1253 2767 1291 2826 ad
1306 2785 1402 2847 popu-

372 2867 435 2927 lunr
456 2867 559 2947 gallice
579 2870 709 2948 clamans
718 2887 727 2950 Ξ
743 2889 761 2925 r<
777 2870 876 2926 Estote
891 2875 1060 2926 constantes
1075 2876 1105 2925 et
1120 2863 1199 2925 firmi
1212 2869 1242 2926 in
1258 2865 1402 2926 libertati-

373 2989 391 3023 »
408 2968 462 3028 bus
477 2979 506 3028 et
518 2967 687 3028 franchisiis
701 2969 819 3040 vestris,
831 2985 904 3044 quas
917 2967 1116 3046 recuperastis
1128 2965 1158 3024 in
1170 2965 1274 3044 gladiis
1287 2968 1402 3038 vestris,

374 3089 391 3125 >a
407 3069 657 3130 nullius'alterius
677 3086 733 3146 ope
755 3069 801 3127 vel
816 3066 947 3145 presidio
962 3064 1130 3126 accedente.
1142 3066 1238 3127 Vultis
1257 3085 1296 3127 ne
1313 3064 1371 3128 itai
1383 3077 1401 3122 o

347 3205 350 3210 -
375 3169 560 3229 acclamante
572 3170 712 3228 universo
724 3169 850 3248 populo:
867 3191 884 3226 a
897 3169 965 3244 Hui,
979 3167 1043 3242 hui,
1061 3169 1129 3228 huit
1140 3169 1181 3248 (ὅ)
1193 3191 1211 3226 o
1226 3171 1310 3228 Tunc
1323 3170 1402 3246 lega-

376 3279 422 3329 tus
435 3268 471 3328 ad
483 3288 620 3349 proceres
631 3269 683 3347 qui
694 3287 794 3330 secum
806 3277 906 3329 erant:
920 3291 938 3328 a
949 3269 981 3328 Si
991 3268 1028 3329 de
1039 3269 1207 3330 iranchisiis
1219 3268 1400 3348 loquendum

410 3534 445 3599 ll)
461 3525 545 3596 Voycz
557 3534 699 3594 cl-dessus,
712 3545 776 3596 page
787 3531 828 3583 ct.

409 3622 444 3684 (t)
460 3621 489 3671 te
501 3633 533 3669 ne
544 3619 601 3684 puis
613 3619 717 3670 deviner
727 3619 786 3683 quel
796 3631 855 3668 nom
868 3617 970 3681 liegeois
982 3631 1010 3668 se
1021 3617 1099 3668 cache
1109 3630 1169 3668 sous
1179 3623 1245 3668 cette
1255 3616 1343 3680 forme,
1351 3614 1405 3666 eri·

376 3708 506 3758 demment
518 3719 679 3769 corrompue.·

340 3847 343 3854 ⁸
412 3795 447 3853 (δ’
465 3793 525 3858 Oui,
537 3792 592 3858 oui,
604 3792 660 3842 ouil
