3088 4926
835 383 985 482 (teti

391 535 486 612 legato
504 531 673 601 discessere,
694 527 862 606 irruptione
876 525 917 606 (l)
932 538 998 588 octo
1020 527 1135 588 milium
1160 537 1360 607 pugnatorum
1374 530 1418 610 (ut

391 643 493 714 postea
507 642 696 710 compertum
710 629 768 706 est)
782 627 974 704 disponentes
989 628 1063 687 clam
1079 628 1109 687 in
1125 628 1258 688 tenebris
1274 631 1377 691 noetis.

367 773 370 779 ·
431 738 589 813 Postquam
610 733 739 792 loannes
759 728 898 806 Altefast,
918 729 1047 790 decanus
1069 740 1097 789 ct
1120 731 1205 810 legati
1229 732 1417 810 cappellanus

390 835 491 915 (quern
507 853 596 914 supra
611 830 899 894 conmemoravimus
914 831 1114 892 amaresoallo
1127 831 1209 910 prius
1223 833 1378 893 detentum
1390 843 1418 894 et

390 945 491 1017 postea
516 935 702 1010 relaxatum),
726 932 876 993 civitatem
901 931 1065 1011 repetebat,
1090 932 1167 992 eirea
1191 933 1261 994 solis
1283 952 1416 995 occasum

388 1046 585 1100 occurrerunt
599 1038 624 1097 ei
640 1035 724 1095 invia
736 1045 807 1094 ante
817 1033 944 1094 civitatis
958 1033 1125 1112 ingressum
1138 1035 1290 1094 turmatim
1303 1039 1417 1096 conteni

388 1140 543 1201 etcenteni
552 1157 646 1216 usque
657 1137 693 1196 ad
705 1137 765 1196 duo
777 1135 856 1196 milia
870 1134 1003 1213 peditum
1014 1148 1043 1196 et
1055 1137 1190 1212 equitum
1202 1137 1417 1210 Leodiensium‚

388 1241 440 1319 qui
459 1249 561 1301 contra
584 1237 762 1318 Burgundos
781 1234 818 1295 ad
834 1235 944 1296 bollum
960 1237 1054 1316 parati
1069 1235 1199 1310 exibant,
1216 1237 1417 1300 existimantes

390 1341 567 1420 burgundos
578 1351 660 1400 metu
676 1338 854 1418 perterritos
868 1357 883 1396 a
897 1338 990 1415 patria
1005 1337 1160 1399 Leodiensi
1174 1338 1329 1400 discedere
1340 1353 1370 1401 et
1382 1342 1417 1401 ad

386 1442 494 1502 ducem
517 1439 673 1520 proficisci,
689 1438 817 1498 maxime
831 1457 897 1497 cum
914 1437 1037 1516 opidum
1061 1438 1177 1520 insigne
1191 1441 1318 1518 Tungris
1332 1440 1418 1501 relin·
1525 1471 1526 1480 κ

389 1550 529 1619 querant,
544 1540 581 1600 ud
596 1539 800 1618 hyemandum
815 1538 886 1598 satis
901 1537 1069 1614 comodum,
1084 1550 1114 1598 et
1128 1538 1165 1598 ab
1180 1538 1222 1600 eis
1236 1541 1302 1600 sine
1316 1542 1345 1601 vi
1361 1543 1416 1602 ulla

389 1654 545 1721 optentum
561 1641 622 1722 ihi:
637 1660 730 1719 quare
740 1641 851 1701 alacres
865 1639 902 1698 ad
917 1658 967 1700 eos
983 1639 1206 1719 persequendos
1222 1641 1415 1716 festinabant3
1525 1681 1527 1706 i

389 1763 464 1824 quos
475 1745 605 1804 loannes
616 1743 757 1814 decanus,
768 1751 802 1801 ut
812 1740 868 1801 sibi
878 1739 1059 1801 conmissum
1071 1739 1169 1801 luerat
1181 1759 1235 1818 per
1246 1741 1415 1822 Philippum

390 1845 545 1917 Sabaudie,
554 1842 729 1906 conmonuit
738 1864 756 1900 ι(
767 1859 805 1901 ne
817 1841 942 1901 ulterius
953 1839 1148 1920 procederent
1158 1841 1211 1901 sed
1221 1841 1259 1901 ad
1269 1841 1415 1904 civitatem

388 1947 532 2020 redirent,
545 1963 681 2005 asserens
692 1942 871 2021 Burgundos
882 1961 942 2004 non
955 1942 1069 2020 fugere,
1077 1942 1129 2004 sed
1141 1944 1294 2022 striotol5)
1302 1947 1416 2026 agmine

388 2047 594 2108 marescallum
609 2054 639 2105 et
653 2044 828 2125 Philippum
842 2043 989 2105 Sabaudie
1003 2043 1040 2104 ad
1055 2045 1203 2106 civitatem
1218 2047 1414 2109 invadendam

388 2165 565 2228 properare,
581 2146 697 2224 sibique
711 2166 728 2205 a
743 2145 892 2224 Philippo,
907 2144 974 2206 data
989 2145 1014 2205 ei
1029 2144 1098 2218 fide,
1113 2145 1284 2224 injunctum,
1296 2156 1331 2208 ut
1346 2150 1416 2208 hco-

388 2247 540 2309 diensibus
550 2248 663 2308 diceret
675 2247 729 2307 nisi
742 2265 776 2306 ea
787 2253 874 2306 noete
882 2245 1059 2324 Burgundos
1067 2245 1282 2318 interficerent,
1289 2252 1415 2309 crastino

388 2350 436 2411 die
447 2368 479 2410 se
490 2348 527 2409 ud
539 2356 639 2428 portus
654 2347 781 2408 civitatis
795 2354 940 2408 venturos
951 2367 979 2405 a.
991 2346 1209 2408 Continuarunt
1221 2347 1415 2410 nihilominus

388 2460 419 2510 et
429 2447 471 2528 (l)
484 2449 660 2510 Leodienses
675 2456 704 2508 et
721 2447 897 2528 prosequuti
911 2456 982 2506 sunt
996 2454 1115 2525 ceptum
1130 2447 1196 2520 iter,
1211 2466 1280 2508 sana
1297 2449 1414 2510 consilia

388 2551 470 2611 intus
485 2560 515 2610 et
528 2559 612 2610 extra
624 2548 774 2610 civitatem
785 2546 857 2626 ipsis
868 2545 936 2608 data
947 2554 1202 2626 contempnentes,
1213 2548 1243 2608 iu
1258 2550 1415 2609 maximam

387 2670 492 2714 eorum
513 2650 682 2730 pernitiem.
703 2651 836 2712 Veniens
857 2650 949 2728 igitur
969 2649 1006 2708 ad
1029 2649 1157 2728 legatum
1182 2650 1314 2712 loannes
1338 2653 1416 2712 Alte-
1527 2697 1531 2708 .

387 2753 455 2826 fast,
469 2752 523 2813 has
537 2772 553 2811 a
569 2752 690 2814 Simone
704 2749 864 2812 secretario
879 2749 963 2825 ducis
977 2750 1090 2810 litteras
1104 2758 1134 2810 et
1149 2749 1286 2810 mandata
1302 2749 1415 2814 detulit.

386 2854 524 2914 Littera:
546 2875 564 2910 n
586 2850 845 2913 Reverendissime
867 2858 965 2930 pater,
987 2858 1041 2910 cte.
1064 2850 1173 2929 Scripsi
1193 2850 1283 2912 hodie
1305 2871 1331 2915 v.
1349 2872 1374 2932 p.
1392 2873 1414 2914 r.

387 2975 405 3010 o
421 2971 475 3033 per
490 2954 646 3031 proprium
668 2951 827 3012 nunctium
849 2958 883 3010 ut
901 2950 1004 3012 eadem
1024 2949 1098 3011 mihi
1116 2951 1284 3014 notificaret
1306 2971 1367 3032 quo
1386 2954 1416 3013 in

386 3075 404 3110 a
420 3055 484 3113 loco
502 3051 540 3111 ad
558 3051 684 3112 candem
700 3071 728 3111 r.
744 3073 774 3132 p.
790 3059 852 3113 tute
875 3070 992 3132 possem
1015 3051 1164 3114 accedere.
1186 3053 1302 3115 Deinde
1323 3056 1418 3134 appli-

387 3175 405 3210 o
419 3152 481 3213 cuit
498 3151 548 3212 hic
566 3153 759 3232 cappellanus
781 3163 880 3213 vester
903 3153 1089 3231 presentium
1111 3153 1197 3227 lator,
1218 3155 1275 3229 oui,
1296 3155 1418 3217 consilio

386 3275 405 3312 »
420 3253 532 3314 domini
554 3252 613 3313 mei
635 3253 871 3325 humbercourt,
895 3262 1009 3332 partem
1033 3253 1133 3315 oneris
1154 3255 1213 3314 mei
1234 3254 1349 3334 detegi,
1367 3275 1418 3334 spe

387 3374 405 3411 a
420 3354 500 3430 quod
508 3355 573 3434 ipse
580 3353 697 3430 singula
706 3352 790 3414 vobis
800 3351 977 3414 fiducialiter
987 3353 1108 3426 referet,
1116 3353 1256 3430 quodque
1266 3374 1331 3414 cras
1340 3354 1418 3415 inira

387 3478 405 3514 »
419 3475 522 3518 cenam
537 3476 554 3516 a
568 3475 597 3516 v.
608 3475 631 3516 r.
647 3476 677 3534 p.
690 3473 764 3516 nova
780 3454 904 3516 habebo.
920 3453 999 3514 Velit
1009 3470 1080 3532 ergo
1094 3455 1196 3515 eadem
1210 3475 1236 3514 v.
1250 3475 1278 3534 p.
1292 3476 1315 3514 r.
1328 3455 1417 3517 fidem

419 3681 455 3744 (l)
473 3681 546 3732 Lisez
559 3681 741 3744 irruptionem.

420 3766 457 3830 (2)
476 3766 548 3817 biset
561 3765 701 3816 obtentum.

420 3853 457 3918 (b)
473 3853 548 3902 Lisez
559 3855 669 3903 structo.

419 3939 456 4002 ll)
473 3937 621 4002 Suppritnez
633 3943 675 3988 oet
686 3942 718 3987 et.
