3088 4926
826 472 953 569 (56)

378 618 415 678 ad
429 636 534 698 proras
549 615 677 692 legatum
692 631 723 672 se
738 612 944 672 demonstrare
959 622 988 670 et
1002 611 1039 670 ad
1055 624 1165 672 terram
1183 632 1274 674 naves
1292 615 1405 676 subdu·

378 737 445 779 cere
459 730 569 779 etcum
585 715 626 774 eis
641 714 779 791 conloqui
794 713 831 771 de
846 731 931 770 causa
947 730 1095 785 accessus3
1111 722 1140 772 et
1158 714 1199 772 sie
1215 717 1407 776 transivimus

277 864 280 870 .
378 838 438 878 non
461 818 525 877 sine
545 816 651 875 timore
673 822 702 873 et
724 813 863 891 periculo.
886 812 961 885 Quia
984 831 1056 872 vero
1076 813 1198 892 opidum
1220 815 1407 892 Trajeetense

380 937 434 998 pro
456 917 583 977 indiviso
598 922 643 975 est
657 913 787 993 episcopi
803 913 971 973 Leodiensis
986 923 1016 973 et
1038 912 1119 973 ducis
1141 916 1326 994 Burgundie‚
1347 936 1406 977 non

380 1021 438 1081 luit
460 1037 583 1079 securus
604 1017 760 1094 episeopus
785 1014 988 1073 intromictere
1014 1015 1190 1076 Leodienses
1212 1017 1242 1075 in
1268 1019 1407 1095 opidum,

381 1133 505 1203 propter
526 1118 717 1200 Burgundos;
740 1115 790 1176 sed
812 1116 876 1194 ipse
898 1114 989 1175 exivit
1010 1117 1045 1176 ad
1068 1128 1248 1179 conventum
1269 1122 1408 1180 Fratrum

381 1223 528 1283 Minorem
542 1222 578 1280 de
589 1217 806 1289 Osservatione,
817 1234 911 1295 prope
923 1217 1090 1295 Trajectum
1104 1219 1140 1278 ad
1156 1221 1282 1280 mediam
1296 1221 1406 1280 leucam

381 1324 539 1383 fundatum
563 1324 593 1382 in
609 1339 663 1380 suo
679 1319 829 1379 territorio
846 1319 998 1378 beodiensi
1013 1321 1069 1396 (1),
1085 1339 1152 1388 curn
1176 1322 1237 1381 suis
1259 1321 1407 1382 nobilibus

313 1462 315 1467 ·
379 1435 409 1485 et
430 1423 605 1484 consiliariis
627 1422 657 1480 in
682 1419 874 1480 multitudine
896 1421 1027 1500 copiosa3
1055 1434 1086 1482 et
1109 1423 1150 1482 ibi
1172 1422 1287 1482 audivit
1308 1443 1358 1484 eos
1379 1436 1407 1484 ct

378 1523 534 1604 respondit
550 1533 583 1582 ut
596 1522 684 1582 insra.

121 1629 364 1700 Petitionesteodien·
420 1625 525 1685 Petilio
540 1622 744 1684 leodiensium
762 1621 836 1691 luit:

135 1701 196 1734 sium
211 1689 364 1750 ³b⁰p¹⁸⁰⁰p⁰'
419 1751 436 1785 u
453 1727 567 1799 Primo,
584 1724 737 1804 replicatio
755 1742 858 1783 eorum
874 1742 933 1801 que
955 1723 1119 1784 incivitate
1137 1725 1232 1805 legato
1255 1727 1406 1798 dixerant,

378 1838 514 1903 utsupra
531 1834 685 1885 narratum
708 1835 767 1896 est,
785 1843 852 1882 cum
875 1824 956 1882 omni
978 1823 1163 1901 subjectione
1181 1835 1210 1885 et
1230 1826 1406 1902 humilitate,

376 1926 502 2007 genibus
517 1924 603 1985 tlexis
618 1936 647 1984 et
661 1923 765 1983 effusis
781 1922 921 1993 lacrimis,
938 1923 1147 1984 concludentes
1163 1936 1192 1984 et
1207 1927 1406 2003 supplicantes

376 2030 515 2106 episeopo
532 2034 564 2085 ut
575 2024 612 2085 ad
626 2044 709 2084 suam
725 2024 875 2083 civitatem
893 2023 1025 2084 reddiret
1037 2027 1087 2100 (Ξ),
1102 2026 1173 2104 ipsis
1186 2026 1301 2085 veniam
1315 2029 1407 2100 daret,

378 2127 567 2206 permicteret
582 2125 718 2202 impatria
731 2124 770 2204 (5)
786 2124 857 2182 etin
870 2125 930 2183 suis
943 2125 1080 2184 domibus
1098 2143 1284 2201 permanere,
1299 2145 1330 2186 se
1344 2146 1407 2188 esse

377 2236 495 2306 paratos
511 2225 546 2283 ad
569 2243 687 2285 omnem
710 2224 911 2284 obedientiam
935 2235 963 2284 et
984 2225 1197 2303 subjectionem
1221 2237 1252 2286 ut
1268 2228 1316 2286 alii
1331 2229 1407 2288 cives

378 2328 575 2402 promiserant
591 2337 619 2384 et
637 2325 782 2397 fecerant3
799 2333 828 2382 et
842 2343 933 2401 super
951 2325 1089 2384 omnibus
1105 2333 1183 2385 stare
1194 2326 1307 2404 judicio
1321 2329 1406 2406 legati

377 2438 407 2488 et
421 2445 475 2486 suo
491 2447 582 2504 super
593 2426 824 2503 quibuscunque
839 2425 939 2485 dubiis
954 2426 1187 2504 emergentibus,
1199 2431 1278 2488 salva
1290 2449 1408 2508 semper

376 2529 522 2588 sententia
539 2548 562 2588 s.
579 2529 606 2587 d.
631 2546 662 2586 n.
678 2546 763 2606 pape,
787 2528 833 2585 cui
853 2527 1057 2586 contradicere
1073 2529 1154 2588 nullo
1170 2541 1254 2607 pacto
1270 2530 1406 2590 intende-

275 2619 276 2623 *
376 2629 461 2700 bant;
483 2631 533 2689 sed
553 2631 643 2688 multa
665 2628 756 2688 luisse
776 2628 849 2688 lacta
868 2639 967 2704 preter
982 2628 1061 2687 illam
1078 2631 1270 2698 sententiam,
1285 2633 1359 2709 ipsis
1378 2641 1407 2691 ct

376 2731 510 2793 Ecclesiae
536 2731 624 2790 nimis
649 2731 748 2809 gravia
771 2741 801 2789 et
822 2728 1083 2808 insupportabilia‚
1109 2749 1168 2807 que
1193 2731 1350 2791 reformari
1377 2733 1405 2792 in

376 2832 481 2892 melius
496 2849 615 2890 necesse
631 2829 717 2889 soret.
734 2852 751 2886 n

118 2942 245 3008 Responsio
260 2941 362 3003 episcopi
415 2933 550 3006 Quorum
570 2931 763 3009 petitionibus
782 2930 941 3010 episcopus
957 2932 1113 3009 respondit
1135 2933 1165 2991 in
1187 2934 1264 2994 hane
1285 2945 1407 2995 senten·

185 3000 214 3046 ad
225 3012 294 3049 mm
376 3038 455 3105 tiam,
471 3036 548 3094 datis
565 3032 676 3092 ecdulis
692 3033 811 3108 scriptis
823 3032 926 3110 gallico
942 3043 971 3091 et
985 3032 1076 3092 latino
1092 3053 1252 3094 sermone:

349 3154 352 3160 ’
416 3159 433 3193 u
446 3137 555 3207 Primo,
565 3153 669 3194 omnes
682 3134 782 3192 exules
797 3135 847 3207 qui
860 3132 1026 3205 redieruut,
1042 3134 1167 3196 exibunt
1179 3148 1207 3196 et
1220 3137 1359 3198 recedent
1370 3139 1408 3197 ad

406 3403 442 3465 (l)
461 3402 478 3451 ll
491 3401 565 3464 s'agit
583 3401 615 3450 du
633 3409 743 3450 couvent
759 3401 791 3450 de
807 3401 977 3462 Lichteuberg
991 3400 1065 3450 londe'
1079 3413 1110 3450 eu
1132 3402 1196 3450 1151
1213 3408 1239 3450 et
1250 3402 1339 3464 appele
1351 3403 1407 3464 plus

373 3489 428 3539 tard
446 3487 600 3550 Staoanren,
617 3501 675 3537 nom
693 3489 737 3550 qui
757 3488 838 3550 parcit
856 3486 912 3538 dtre
938 3500 987 3536 nne
1008 3489 1154 3550 corruption
1176 3489 1210 3537 du
1227 3495 1280 3537 mot
1300 3489 1407 3538 tlamuud

375 3576 564 3638 Observantur,
581 3588 640 3624 sous
653 3575 734 3636 lequel
748 3587 779 3623 on
799 3574 925 3634 de'signait
942 3575 1008 3622 alors
1025 3587 1076 3622 une
1094 3574 1205 3623 certaiue
1217 3574 1298 3624 classe
1309 3574 1341 3624 de
1353 3575 1408 3623 reli-

374 3663 448 3723 gieux
463 3660 625 3710 traneiseains
637 3661 774 3709 observant
787 3660 843 3721 plus
853 3659 1014 3708 strictement
1024 3659 1047 3707 la
1061 3658 1129 3722 regie
1142 3659 1268 3721 primitive
1287 3659 1357 3723 (Voy.
1372 3660 1407 3708 les

376 3745 552 3796 Publieutions
564 3745 594 3794 dr
609 3745 635 3792 la
653 3744 709 3792 Soc.
731 3744 790 3794 bist.
808 3749 832 3792 et
850 3744 961 3793 orelreot.
981 3744 1048 3792 dans
1065 3743 1087 3792 le
1107 3744 1188 3793 ‹tuclre'
1209 3745 1239 3793 sle
1262 3743 1406 3808 limbourp,

375 3838 391 3882 ι,
402 3832 455 3890 vn,
469 3846 508 3893 pp.
521 3831 562 3889 aa,
580 3830 634 3886 rer,
649 3830 704 3883 rao.
715 3829 784 3890 eoo.)

408 3917 444 3980 (⁰21
463 3919 533 3966 tisez
548 3919 653 3967 rediret.

348 4031 353 4039 ,
406 4005 442 4065 td)
460 4003 508 4063 Sic,
520 4003 728 4066 pourinpatrto.
