<?xml version="1.0" encoding="UTF-8"?>
<!DOCTYPE html PUBLIC "-//W3C//DTD XHTML 1.0 Transitional//EN"
    "http://www.w3.org/TR/xhtml1/DTD/xhtml1-transitional.dtd">
<html xmlns="http://www.w3.org/1999/xhtml" xml:lang="en" lang="en">
 <head>
  <title>
</title>
<meta http-equiv="Content-Type" content="text/html;charset=utf-8" />
  <meta name='ocr-system' content='tesseract 3.04.00' />
  <meta name='ocr-capabilities' content='ocr_page ocr_carea ocr_par ocr_line ocrx_word'/>
</head>
<body>
  <div class='ocr_page' id='page_1' title='image "./mmoiredulgatonu00bormgoog_0066.png"; bbox 0 0 3102 4914; ppageno 0'>
   <div class='ocr_carea' id='block_1_1' title="bbox 688 275 704 302">
    <p class='ocr_par' dir='ltr' id='par_1_1' title="bbox 688 275 704 302">
     <span class='ocr_line' id='line_1_1' title="bbox 688 275 704 302; baseline 0 0"><span class='ocrx_word' id='word_1_1' title='bbox 688 275 704 302; x_wconf 66' lang='lat' dir='ltr'><em>f</em></span> 
     </span>
    </p>
   </div>
   <div class='ocr_carea' id='block_1_2' title="bbox 93 599 1510 3726">
    <p class='ocr_par' dir='ltr' id='par_1_2' title="bbox 104 599 1186 1798">
     <span class='ocr_line' id='line_1_2' title="bbox 104 599 1184 681; baseline 0.005 -20"><span class='ocrx_word' id='word_1_2' title='bbox 104 607 108 614; x_wconf 88' lang='lat'>&#39;</span> <span class='ocrx_word' id='word_1_3' title='bbox 155 603 198 661; x_wconf 87' lang='lat' dir='ltr'><strong>cis</strong></span> <span class='ocrx_word' id='word_1_4' title='bbox 210 601 273 660; x_wconf 86' lang='lat' dir='ltr'><strong>scre</strong></span> <span class='ocrx_word' id='word_1_5' title='bbox 285 599 466 676; x_wconf 87' lang='lat' dir='ltr'><strong>impossibile</strong></span> <span class='ocrx_word' id='word_1_6' title='bbox 479 614 602 678; x_wconf 90' lang='lat' dir='ltr'><strong>propter</strong></span> <span class='ocrx_word' id='word_1_7' title='bbox 614 619 769 661; x_wconf 87' lang='lat' dir='ltr'><strong>murorum</strong></span> <span class='ocrx_word' id='word_1_8' title='bbox 780 602 1025 681; x_wconf 88' lang='lat' dir='ltr'><strong>inmultisopidis</strong></span> <span class='ocrx_word' id='word_1_9' title='bbox 1035 612 1184 666; x_wconf 86' lang='lat' dir='ltr'><strong>vetustam</strong></span> 
     </span>
     <span class='ocr_line' id='line_1_3' title="bbox 156 701 1186 782; baseline 0.002 -18"><span class='ocrx_word' id='word_1_10' title='bbox 156 701 365 764; x_wconf 76' lang='lat' dir='ltr'><strong>fortitudinem</strong></span> <span class='ocrx_word' id='word_1_11' title='bbox 378 722 385 762; x_wconf 76' lang='grc' dir='ltr'>ε</span> <span class='ocrx_word' id='word_1_12' title='bbox 397 703 432 776; x_wconf 92' lang='lat' dir='ltr'><strong>si,</strong></span> <span class='ocrx_word' id='word_1_13' title='bbox 444 704 488 763; x_wconf 83' lang='lat' dir='ltr'><strong>vel</strong></span> <span class='ocrx_word' id='word_1_14' title='bbox 501 721 594 782; x_wconf 87' lang='lat' dir='ltr'><strong>parvo</strong></span> <span class='ocrx_word' id='word_1_15' title='bbox 607 713 751 782; x_wconf 88' lang='lat' dir='ltr'><strong>tempore,</strong></span> <span class='ocrx_word' id='word_1_16' title='bbox 764 704 925 764; x_wconf 86' lang='lat' dir='ltr'><strong>terminum</strong></span> <span class='ocrx_word' id='word_1_17' title='bbox 943 705 973 764; x_wconf 92' lang='lat' dir='ltr'><strong>in</strong></span> <span class='ocrx_word' id='word_1_18' title='bbox 992 703 1186 766; x_wconf 78' lang='lat' dir='ltr'><strong>demolitione</strong></span> 
     </span>
     <span class='ocr_line' id='line_1_4' title="bbox 156 804 1184 884; baseline 0.004 -19"><span class='ocrx_word' id='word_1_19' title='bbox 156 805 371 882; x_wconf 71' lang='lat' dir='ltr'><strong>transegissent</strong></span> <span class='ocrx_word' id='word_1_20' title='bbox 381 804 427 864; x_wconf 88' lang='lat' dir='ltr'><strong>vel</strong></span> <span class='ocrx_word' id='word_1_21' title='bbox 440 805 601 863; x_wconf 87' lang='lat' dir='ltr'><strong>terminum</strong></span> <span class='ocrx_word' id='word_1_22' title='bbox 611 804 666 864; x_wconf 88' lang='lat' dir='ltr'><strong>sibi</strong></span> <span class='ocrx_word' id='word_1_23' title='bbox 680 805 832 884; x_wconf 83' lang='lat' dir='ltr'><strong>prorogari</strong></span> <span class='ocrx_word' id='word_1_24' title='bbox 841 807 1089 882; x_wconf 85' lang='lat' dir='ltr'><strong>postulassent‚ex</strong></span> <span class='ocrx_word' id='word_1_25' title='bbox 1104 827 1184 869; x_wconf 89' lang='lat' dir='ltr'><strong>mora</strong></span> 
     </span>
     <span class='ocr_line' id='line_1_5' title="bbox 157 908 1186 987; baseline 0.002 -19"><span class='ocrx_word' id='word_1_26' title='bbox 157 910 299 987; x_wconf 90' lang='lat' dir='ltr'><strong>preterita</strong></span> <span class='ocrx_word' id='word_1_27' title='bbox 320 909 432 987; x_wconf 83' lang='lat' dir='ltr'><strong>magnis</strong></span> <span class='ocrx_word' id='word_1_28' title='bbox 451 908 644 986; x_wconf 71' lang='lat' dir='ltr'><strong>pecuniarum</strong></span> <span class='ocrx_word' id='word_1_29' title='bbox 665 909 788 968; x_wconf 90' lang='lat' dir='ltr'><strong>sommis</strong></span> <span class='ocrx_word' id='word_1_30' title='bbox 810 909 1036 969; x_wconf 77' lang='lat' dir='ltr'><strong>mulctabantur</strong></span> <span class='ocrx_word' id='word_1_31' title='bbox 1058 921 1086 969; x_wconf 89' lang='lat' dir='ltr'><strong>et</strong></span> <span class='ocrx_word' id='word_1_32' title='bbox 1109 912 1186 971; x_wconf 90' lang='lat' dir='ltr'><strong>ulte-</strong></span> 
     </span>
     <span class='ocr_line' id='line_1_6' title="bbox 156 1009 1186 1086; baseline 0.002 -16"><span class='ocrx_word' id='word_1_33' title='bbox 156 1013 267 1070; x_wconf 85' lang='lat' dir='ltr'><strong>riorem</strong></span> <span class='ocrx_word' id='word_1_34' title='bbox 282 1010 453 1071; x_wconf 91' lang='lat' dir='ltr'><strong>dilationem</strong></span> <span class='ocrx_word' id='word_1_35' title='bbox 470 1009 533 1069; x_wconf 88' lang='lat' dir='ltr'><strong>aliis</strong></span> <span class='ocrx_word' id='word_1_36' title='bbox 547 1011 739 1086; x_wconf 69' lang='lat' dir='ltr'><strong>pecuniarum</strong></span> <span class='ocrx_word' id='word_1_37' title='bbox 752 1011 878 1071; x_wconf 88' lang='lat' dir='ltr'><strong>summis</strong></span> <span class='ocrx_word' id='word_1_38' title='bbox 890 1011 1037 1071; x_wconf 80' lang='lat' dir='ltr'><strong>redimere</strong></span> <span class='ocrx_word' id='word_1_39' title='bbox 1050 1029 1186 1072; x_wconf 88' lang='lat' dir='ltr'><strong>necessa·</strong></span> 
     </span>
     <span class='ocr_line' id='line_1_7' title="bbox 152 1110 1186 1191; baseline 0.001 -19"><span class='ocrx_word' id='word_1_40' title='bbox 152 1113 234 1172; x_wconf 88' lang='lat' dir='ltr'><strong>rium</strong></span> <span class='ocrx_word' id='word_1_41' title='bbox 247 1121 319 1172; x_wconf 81' lang='lat' dir='ltr'><strong>erat.</strong></span> <span class='ocrx_word' id='word_1_42' title='bbox 332 1114 347 1171; x_wconf 90' lang='lat' dir='ltr'>J</span> <span class='ocrx_word' id='word_1_43' title='bbox 351 1111 502 1170; x_wconf 88' lang='lat' dir='ltr'><strong>urisdietio</strong></span> <span class='ocrx_word' id='word_1_44' title='bbox 515 1110 1040 1191; x_wconf 77' lang='lat' dir='ltr'><strong>insupertemporalisadepiseopum</strong></span> <span class='ocrx_word' id='word_1_45' title='bbox 1051 1122 1080 1172; x_wconf 88' lang='lat' dir='ltr'><strong>et</strong></span> <span class='ocrx_word' id='word_1_46' title='bbox 1092 1112 1186 1173; x_wconf 88' lang='lat' dir='ltr'><strong>ecclc·</strong></span> 
     </span>
     <span class='ocr_line' id='line_1_8' title="bbox 152 1213 1184 1293; baseline 0 -19"><span class='ocrx_word' id='word_1_47' title='bbox 152 1215 212 1275; x_wconf 87' lang='lat' dir='ltr'><strong>sias</strong></span> <span class='ocrx_word' id='word_1_48' title='bbox 227 1214 298 1272; x_wconf 89' lang='lat' dir='ltr'><strong>alias</strong></span> <span class='ocrx_word' id='word_1_49' title='bbox 315 1215 477 1290; x_wconf 88' lang='lat' dir='ltr'><strong>pertinens,</strong></span> <span class='ocrx_word' id='word_1_50' title='bbox 490 1232 525 1273; x_wconf 90' lang='lat' dir='ltr'><strong>eo</strong></span> <span class='ocrx_word' id='word_1_51' title='bbox 536 1213 769 1286; x_wconf 73' lang='lat' dir='ltr'><strong>contradicente,</strong></span> <span class='ocrx_word' id='word_1_52' title='bbox 780 1214 873 1274; x_wconf 87' lang='lat' dir='ltr'><strong>inrito</strong></span> <span class='ocrx_word' id='word_1_53' title='bbox 888 1223 919 1274; x_wconf 87' lang='lat' dir='ltr'><strong>et</strong></span> <span class='ocrx_word' id='word_1_54' title='bbox 932 1226 1118 1293; x_wconf 91' lang='lat' dir='ltr'><strong>contempto,</strong></span> <span class='ocrx_word' id='word_1_55' title='bbox 1132 1233 1184 1293; x_wconf 88' lang='lat' dir='ltr'><strong>per</strong></span> 
     </span>
     <span class='ocr_line' id='line_1_9' title="bbox 156 1314 1184 1396; baseline 0.001 -21"><span class='ocrx_word' id='word_1_56' title='bbox 156 1316 342 1396; x_wconf 86' lang='lat' dir='ltr'><strong>presidentes</strong></span> <span class='ocrx_word' id='word_1_57' title='bbox 358 1315 387 1374; x_wconf 91' lang='lat' dir='ltr'><strong>in</strong></span> <span class='ocrx_word' id='word_1_58' title='bbox 405 1314 498 1392; x_wconf 88' lang='lat' dir='ltr'><strong>patria</strong></span> <span class='ocrx_word' id='word_1_59' title='bbox 514 1314 598 1374; x_wconf 91' lang='lat' dir='ltr'><strong>ducis</strong></span> <span class='ocrx_word' id='word_1_60' title='bbox 621 1315 742 1376; x_wconf 89' lang='lat' dir='ltr'><strong>nomine</strong></span> <span class='ocrx_word' id='word_1_61' title='bbox 762 1314 881 1393; x_wconf 85' lang='lat' dir='ltr'><strong>penitus</strong></span> <span class='ocrx_word' id='word_1_62' title='bbox 903 1329 1043 1393; x_wconf 87' lang='lat' dir='ltr'><strong>usurpata</strong></span> <span class='ocrx_word' id='word_1_63' title='bbox 1065 1317 1184 1377; x_wconf 79' lang='lat' dir='ltr'><strong>concul-</strong></span> 
     </span>
     <span class='ocr_line' id='line_1_10' title="bbox 152 1417 1186 1499; baseline 0.002 -21"><span class='ocrx_word' id='word_1_64' title='bbox 152 1417 295 1491; x_wconf 82' lang='lat' dir='ltr'><strong>cabatur3</strong></span> <span class='ocrx_word' id='word_1_65' title='bbox 314 1428 343 1479; x_wconf 89' lang='lat' dir='ltr'><strong>et</strong></span> <span class='ocrx_word' id='word_1_66' title='bbox 365 1417 461 1478; x_wconf 87' lang='lat' dir='ltr'><strong>indies</strong></span> <span class='ocrx_word' id='word_1_67' title='bbox 482 1419 652 1496; x_wconf 81' lang='lat' dir='ltr'><strong>gravamina</strong></span> <span class='ocrx_word' id='word_1_68' title='bbox 674 1418 898 1499; x_wconf 81' lang='lat' dir='ltr'><strong>gravaminibus</strong></span> <span class='ocrx_word' id='word_1_69' title='bbox 913 1419 1102 1480; x_wconf 86' lang='lat' dir='ltr'><strong>accedebant.</strong></span> <span class='ocrx_word' id='word_1_70' title='bbox 1121 1421 1186 1495; x_wconf 86' lang='lat' dir='ltr'><strong>Qua</strong></span> 
     </span>
     <span class='ocr_line' id='line_1_11' title="bbox 151 1519 1184 1602; baseline 0.002 -22"><span class='ocrx_word' id='word_1_71' title='bbox 151 1521 192 1580; x_wconf 89' lang='lat' dir='ltr'><strong>de</strong></span> <span class='ocrx_word' id='word_1_72' title='bbox 208 1539 241 1580; x_wconf 88' lang='lat' dir='ltr'><strong>ra</strong></span> <span class='ocrx_word' id='word_1_73' title='bbox 256 1519 389 1596; x_wconf 89' lang='lat' dir='ltr'><strong>undiquc</strong></span> <span class='ocrx_word' id='word_1_74' title='bbox 404 1519 581 1578; x_wconf 89' lang='lat' dir='ltr'><strong>miserorum</strong></span> <span class='ocrx_word' id='word_1_75' title='bbox 595 1519 630 1578; x_wconf 86' lang='lat' dir='ltr'><strong>ad</strong></span> <span class='ocrx_word' id='word_1_76' title='bbox 646 1521 741 1578; x_wconf 88' lang='lat' dir='ltr'><strong>celum</strong></span> <span class='ocrx_word' id='word_1_77' title='bbox 757 1520 869 1579; x_wconf 88' lang='lat' dir='ltr'><strong>clamor</strong></span> <span class='ocrx_word' id='word_1_78' title='bbox 880 1532 909 1581; x_wconf 90' lang='lat' dir='ltr'><strong>et</strong></span> <span class='ocrx_word' id='word_1_79' title='bbox 923 1521 1062 1600; x_wconf 81' lang='lat' dir='ltr'><strong>gemitus,</strong></span> <span class='ocrx_word' id='word_1_80' title='bbox 1075 1522 1142 1602; x_wconf 85' lang='lat' dir='ltr'><strong>luga</strong></span> <span class='ocrx_word' id='word_1_81' title='bbox 1155 1533 1184 1582; x_wconf 91' lang='lat' dir='ltr'><strong>et</strong></span> 
     </span>
     <span class='ocr_line' id='line_1_12' title="bbox 154 1618 1184 1702; baseline 0.001 -21"><span class='ocrx_word' id='word_1_82' title='bbox 154 1641 212 1702; x_wconf 90' lang='lat' dir='ltr'><strong>per</strong></span> <span class='ocrx_word' id='word_1_83' title='bbox 225 1620 329 1680; x_wconf 89' lang='lat' dir='ltr'><strong>orbem</strong></span> <span class='ocrx_word' id='word_1_84' title='bbox 346 1619 501 1697; x_wconf 85' lang='lat' dir='ltr'><strong>dispersio,</strong></span> <span class='ocrx_word' id='word_1_85' title='bbox 517 1620 555 1678; x_wconf 92' lang='lat' dir='ltr'><strong>ob</strong></span> <span class='ocrx_word' id='word_1_86' title='bbox 570 1620 707 1698; x_wconf 84' lang='lat' dir='ltr'><strong>ingentes</strong></span> <span class='ocrx_word' id='word_1_87' title='bbox 719 1618 899 1680; x_wconf 86' lang='lat' dir='ltr'><strong>calamitates</strong></span> <span class='ocrx_word' id='word_1_88' title='bbox 915 1622 944 1680; x_wconf 91' lang='lat' dir='ltr'><strong>in</strong></span> <span class='ocrx_word' id='word_1_89' title='bbox 961 1621 1054 1700; x_wconf 89' lang='lat' dir='ltr'><strong>patria</strong></span> <span class='ocrx_word' id='word_1_90' title='bbox 1072 1625 1184 1683; x_wconf 88' lang='lat' dir='ltr'><strong>consis-</strong></span> 
     </span>
     <span class='ocr_line' id='line_1_13' title="bbox 155 1720 1185 1798; baseline 0.001 -16"><span class='ocrx_word' id='word_1_91' title='bbox 155 1733 221 1782; x_wconf 85' lang='lat' dir='ltr'><strong>tere</strong></span> <span class='ocrx_word' id='word_1_92' title='bbox 234 1739 292 1780; x_wconf 91' lang='lat' dir='ltr'><strong>non</strong></span> <span class='ocrx_word' id='word_1_93' title='bbox 306 1721 480 1790; x_wconf 79' lang='lat' dir='ltr'><strong>valentium,</strong></span> <span class='ocrx_word' id='word_1_94' title='bbox 491 1720 634 1798; x_wconf 87' lang='lat' dir='ltr'><strong>episcopi,</strong></span> <span class='ocrx_word' id='word_1_95' title='bbox 646 1721 836 1781; x_wconf 88' lang='lat' dir='ltr'><strong>ecelesiarum</strong></span> <span class='ocrx_word' id='word_1_96' title='bbox 849 1729 879 1780; x_wconf 91' lang='lat' dir='ltr'><strong>et</strong></span> <span class='ocrx_word' id='word_1_97' title='bbox 890 1721 1066 1781; x_wconf 81' lang='lat' dir='ltr'><strong>elericorum</strong></span> <span class='ocrx_word' id='word_1_98' title='bbox 1085 1742 1185 1783; x_wconf 91' lang='lat' dir='ltr'><strong>meror</strong></span> 
     </span>
    </p>

    <p class='ocr_par' dir='ltr' id='par_1_3' title="bbox 93 1819 1510 3726">
     <span class='ocr_line' id='line_1_14' title="bbox 146 1819 500 1900; baseline -0.003 -19"><span class='ocrx_word' id='word_1_99' title='bbox 146 1821 264 1900; x_wconf 83' lang='lat' dir='ltr'><strong>jugiter</strong></span> <span class='ocrx_word' id='word_1_100' title='bbox 279 1819 500 1880; x_wconf 79' lang='lat' dir='ltr'><strong>excrescebant.</strong></span> 
     </span>
     <span class='ocr_line' id='line_1_15' title="bbox 196 1920 1445 2005; baseline 0.004 -25"><span class='ocrx_word' id='word_1_101' title='bbox 196 1923 246 1982; x_wconf 92' lang='lat' dir='ltr'><strong>llis</strong></span> <span class='ocrx_word' id='word_1_102' title='bbox 259 1923 350 2002; x_wconf 82' lang='lat' dir='ltr'><strong>igitur</strong></span> <span class='ocrx_word' id='word_1_103' title='bbox 365 1922 574 1998; x_wconf 87' lang='lat' dir='ltr'><strong>lrequentibus</strong></span> <span class='ocrx_word' id='word_1_104' title='bbox 591 1920 763 1982; x_wconf 87' lang='lat' dir='ltr'><strong>rumoribus</strong></span> <span class='ocrx_word' id='word_1_105' title='bbox 779 1925 953 2000; x_wconf 81' lang='lat' dir='ltr'><strong>etquerelis</strong></span> <span class='ocrx_word' id='word_1_106' title='bbox 968 1929 1080 1984; x_wconf 83' lang='lat' dir='ltr'><strong>excitus</strong></span> <span class='ocrx_word' id='word_1_107' title='bbox 1092 1935 1122 1984; x_wconf 90' lang='lat' dir='ltr'><strong>ct</strong></span> <span class='ocrx_word' id='word_1_108' title='bbox 1137 1926 1185 2005; x_wconf 85' lang='lat' dir='ltr'><strong>pie</strong></span> <span class='ocrx_word' id='word_1_109' title='bbox 1199 1939 1314 1988; x_wconf 78' lang='lat' dir='ltr'><strong>necessus</strong></span> <span class='ocrx_word' id='word_1_110' title='bbox 1330 1939 1400 2000; x_wconf 78' lang='lat' dir='ltr'><strong>legati</strong></span> <span class='ocrx_word' id='word_1_111' title='bbox 1417 1940 1445 1986; x_wconf 80' lang='lat' dir='ltr'><strong>ab</strong></span> 
     </span>
     <span class='ocr_line' id='line_1_16' title="bbox 154 1998 1446 2102; baseline 0.003 -19"><span class='ocrx_word' id='word_1_112' title='bbox 154 2034 265 2098; x_wconf 87' lang='lat' dir='ltr'><strong>motus,</strong></span> <span class='ocrx_word' id='word_1_113' title='bbox 281 2023 414 2102; x_wconf 82' lang='lat' dir='ltr'><strong>pontifex</strong></span> <span class='ocrx_word' id='word_1_114' title='bbox 433 2023 579 2082; x_wconf 77' lang='lat' dir='ltr'><strong>inarimos</strong></span> <span class='ocrx_word' id='word_1_115' title='bbox 590 2023 705 2082; x_wconf 83' lang='lat' dir='ltr'><strong>¹Paulus</strong></span> <span class='ocrx_word' id='word_1_116' title='bbox 721 2025 747 2082; x_wconf 96' lang='lat' dir='ltr'><strong>ll</strong></span> <span class='ocrx_word' id='word_1_117' title='bbox 759 2025 885 2102; x_wconf 79' lang='lat' dir='ltr'><strong>legatum</strong></span> <span class='ocrx_word' id='word_1_118' title='bbox 902 2024 939 2084; x_wconf 91' lang='lat' dir='ltr'><strong>ab</strong></span> <span class='ocrx_word' id='word_1_119' title='bbox 952 2025 1031 2085; x_wconf 91' lang='lat' dir='ltr'><strong>Urbe</strong></span> <span class='ocrx_word' id='word_1_120' title='bbox 1047 2026 1184 2086; x_wconf 73' lang='lat' dir='ltr'><strong>celeriter</strong></span> <span class='ocrx_word' id='word_1_121' title='bbox 1227 1998 1446 2102; x_wconf 47' lang='lat' dir='ltr'><strong>pnpbemppmpppp</strong></span> 
     </span>
     <span class='ocr_line' id='line_1_17' title="bbox 148 2115 1285 2206; baseline 0.003 -22"><span class='ocrx_word' id='word_1_122' title='bbox 148 2125 306 2185; x_wconf 85' lang='lat' dir='ltr'><strong>discedere</strong></span> <span class='ocrx_word' id='word_1_123' title='bbox 319 2125 417 2201; x_wconf 88' lang='lat' dir='ltr'><strong>jussit,</strong></span> <span class='ocrx_word' id='word_1_124' title='bbox 432 2124 562 2202; x_wconf 87' lang='lat' dir='ltr'><strong>episcopi</strong></span> <span class='ocrx_word' id='word_1_125' title='bbox 586 2135 615 2184; x_wconf 91' lang='lat' dir='ltr'><strong>et</strong></span> <span class='ocrx_word' id='word_1_126' title='bbox 637 2126 827 2184; x_wconf 87' lang='lat' dir='ltr'><strong>ecclesiarum</strong></span> <span class='ocrx_word' id='word_1_127' title='bbox 851 2126 1067 2186; x_wconf 88' lang='lat' dir='ltr'><strong>calamitatibus</strong></span> <span class='ocrx_word' id='word_1_128' title='bbox 1095 2126 1184 2206; x_wconf 87' lang='lat' dir='ltr'><strong>potis·</strong></span> <span class='ocrx_word' id='word_1_129' title='bbox 1227 2115 1285 2174; x_wconf 62' lang='lat'>⁹5⁰³·</span> 
     </span>
     <span class='ocr_line' id='line_1_18' title="bbox 151 2225 1183 2309; baseline 0.002 -22"><span class='ocrx_word' id='word_1_130' title='bbox 151 2229 228 2287; x_wconf 87' lang='lat' dir='ltr'><strong>sime</strong></span> <span class='ocrx_word' id='word_1_131' title='bbox 240 2227 469 2298; x_wconf 90' lang='lat' dir='ltr'><strong>subventurum,</strong></span> <span class='ocrx_word' id='word_1_132' title='bbox 483 2225 628 2292; x_wconf 79' lang='lat' dir='ltr'><strong>naaudans</strong></span> <span class='ocrx_word' id='word_1_133' title='bbox 641 2228 666 2286; x_wconf 87' lang='lat' dir='ltr'><strong>ci</strong></span> <span class='ocrx_word' id='word_1_134' title='bbox 680 2235 712 2286; x_wconf 91' lang='lat' dir='ltr'><strong>ut</strong></span> <span class='ocrx_word' id='word_1_135' title='bbox 724 2247 817 2306; x_wconf 91' lang='lat' dir='ltr'><strong>super</strong></span> <span class='ocrx_word' id='word_1_136' title='bbox 828 2228 915 2287; x_wconf 90' lang='lat' dir='ltr'><strong>ctiam</strong></span> <span class='ocrx_word' id='word_1_137' title='bbox 933 2229 1060 2288; x_wconf 88' lang='lat' dir='ltr'><strong>relatum</strong></span> <span class='ocrx_word' id='word_1_138' title='bbox 1074 2229 1183 2309; x_wconf 84' lang='lat' dir='ltr'><strong>cst(l):</strong></span> 
     </span>
     <span class='ocr_line' id='line_1_19' title="bbox 151 2329 1185 2408; baseline 0.001 -19"><span class='ocrx_word' id='word_1_139' title='bbox 151 2347 255 2406; x_wconf 87' lang='lat' dir='ltr'><strong>pacem</strong></span> <span class='ocrx_word' id='word_1_140' title='bbox 276 2329 354 2388; x_wconf 86' lang='lat' dir='ltr'><strong>inter</strong></span> <span class='ocrx_word' id='word_1_141' title='bbox 366 2331 537 2407; x_wconf 88' lang='lat' dir='ltr'><strong>episcopum</strong></span> <span class='ocrx_word' id='word_1_142' title='bbox 553 2340 587 2387; x_wconf 89' lang='lat' dir='ltr'><strong>ct</strong></span> <span class='ocrx_word' id='word_1_143' title='bbox 602 2329 737 2388; x_wconf 80' lang='lat' dir='ltr'><strong>strbditos</strong></span> <span class='ocrx_word' id='word_1_144' title='bbox 752 2349 820 2390; x_wconf 86' lang='lat' dir='ltr'><strong>suos</strong></span> <span class='ocrx_word' id='word_1_145' title='bbox 836 2345 1026 2408; x_wconf 86' lang='lat' dir='ltr'><strong>componere,</strong></span> <span class='ocrx_word' id='word_1_146' title='bbox 1047 2330 1185 2390; x_wconf 86' lang='lat' dir='ltr'><strong>interdic·</strong></span> 
     </span>
     <span class='ocr_line' id='line_1_20' title="bbox 151 2429 1185 2507; baseline 0.001 -18"><span class='ocrx_word' id='word_1_147' title='bbox 151 2439 218 2489; x_wconf 81' lang='lat' dir='ltr'><strong>tum</strong></span> <span class='ocrx_word' id='word_1_148' title='bbox 238 2430 466 2490; x_wconf 86' lang='lat' dir='ltr'><strong>ecclesiasticum</strong></span> <span class='ocrx_word' id='word_1_149' title='bbox 491 2443 578 2507; x_wconf 89' lang='lat' dir='ltr'><strong>prout</strong></span> <span class='ocrx_word' id='word_1_150' title='bbox 599 2429 654 2490; x_wconf 91' lang='lat' dir='ltr'><strong>sibi</strong></span> <span class='ocrx_word' id='word_1_151' title='bbox 678 2430 828 2490; x_wconf 83' lang='lat' dir='ltr'><strong>uidebitur</strong></span> <span class='ocrx_word' id='word_1_152' title='bbox 849 2433 989 2505; x_wconf 85' lang='lat' dir='ltr'><strong>relaxare,</strong></span> <span class='ocrx_word' id='word_1_153' title='bbox 1013 2433 1133 2491; x_wconf 88' lang='lat' dir='ltr'><strong>elericos</strong></span> <span class='ocrx_word' id='word_1_154' title='bbox 1155 2440 1185 2490; x_wconf 85' lang='lat' dir='ltr'><strong>et</strong></span> 
     </span>
     <span class='ocr_line' id='line_1_21' title="bbox 152 2530 1184 2610; baseline 0.004 -21"><span class='ocrx_word' id='word_1_155' title='bbox 152 2532 241 2590; x_wconf 90' lang='lat' dir='ltr'><strong>laicos</strong></span> <span class='ocrx_word' id='word_1_156' title='bbox 261 2530 298 2588; x_wconf 87' lang='lat' dir='ltr'><strong>ab</strong></span> <span class='ocrx_word' id='word_1_157' title='bbox 313 2531 515 2609; x_wconf 86' lang='lat' dir='ltr'><strong>ecclesiasticis</strong></span> <span class='ocrx_word' id='word_1_158' title='bbox 529 2532 663 2590; x_wconf 87' lang='lat' dir='ltr'><strong>censuris</strong></span> <span class='ocrx_word' id='word_1_159' title='bbox 677 2542 707 2590; x_wconf 86' lang='lat' dir='ltr'><strong>ct</strong></span> <span class='ocrx_word' id='word_1_160' title='bbox 728 2533 867 2591; x_wconf 89' lang='lat' dir='ltr'><strong>omnibus</strong></span> <span class='ocrx_word' id='word_1_161' title='bbox 886 2533 1000 2592; x_wconf 88' lang='lat' dir='ltr'><strong>delictis</strong></span> <span class='ocrx_word' id='word_1_162' title='bbox 1022 2532 1184 2610; x_wconf 88' lang='lat' dir='ltr'><strong>absolvere,</strong></span> 
     </span>
     <span class='ocr_line' id='line_1_22' title="bbox 152 2631 1183 2710; baseline 0.002 -20"><span class='ocrx_word' id='word_1_163' title='bbox 152 2631 284 2710; x_wconf 86' lang='lat' dir='ltr'><strong>privatos</strong></span> <span class='ocrx_word' id='word_1_164' title='bbox 298 2650 368 2690; x_wconf 85' lang='lat' dir='ltr'><strong>vero</strong></span> <span class='ocrx_word' id='word_1_165' title='bbox 380 2633 415 2690; x_wconf 88' lang='lat' dir='ltr'><strong>ad</strong></span> <span class='ocrx_word' id='word_1_166' title='bbox 430 2633 568 2706; x_wconf 86' lang='lat' dir='ltr'><strong>honores,</strong></span> <span class='ocrx_word' id='word_1_167' title='bbox 580 2633 744 2710; x_wconf 84' lang='lat' dir='ltr'><strong>dignitates</strong></span> <span class='ocrx_word' id='word_1_168' title='bbox 753 2642 782 2690; x_wconf 93' lang='lat' dir='ltr'><strong>et</strong></span> <span class='ocrx_word' id='word_1_169' title='bbox 794 2632 870 2692; x_wconf 90' lang='lat' dir='ltr'><strong>bona</strong></span> <span class='ocrx_word' id='word_1_170' title='bbox 885 2633 1052 2700; x_wconf 79' lang='lat' dir='ltr'><strong>restituere,</strong></span> <span class='ocrx_word' id='word_1_171' title='bbox 1061 2634 1183 2693; x_wconf 88' lang='lat' dir='ltr'><strong>alteram</strong></span> 
     </span>
     <span class='ocr_line' id='line_1_23' title="bbox 153 2732 1185 2812; baseline 0.002 -20"><span class='ocrx_word' id='word_1_172' title='bbox 153 2734 283 2812; x_wconf 82' lang='lat' dir='ltr'><strong>partium</strong></span> <span class='ocrx_word' id='word_1_173' title='bbox 299 2732 456 2793; x_wconf 86' lang='lat' dir='ltr'><strong>concordie</strong></span> <span class='ocrx_word' id='word_1_174' title='bbox 473 2741 690 2810; x_wconf 80' lang='lat' dir='ltr'><strong>repugnantem</strong></span> <span class='ocrx_word' id='word_1_175' title='bbox 708 2735 843 2792; x_wconf 89' lang='lat' dir='ltr'><strong>censuris</strong></span> <span class='ocrx_word' id='word_1_176' title='bbox 860 2744 888 2792; x_wconf 93' lang='lat' dir='ltr'><strong>et</strong></span> <span class='ocrx_word' id='word_1_177' title='bbox 904 2734 1030 2792; x_wconf 87' lang='lat' dir='ltr'><strong>seculari</strong></span> <span class='ocrx_word' id='word_1_178' title='bbox 1054 2732 1185 2807; x_wconf 85' lang='lat' dir='ltr'><strong>brachio,</strong></span> 
     </span>
     <span class='ocr_line' id='line_1_24' title="bbox 150 2818 1185 2913; baseline 0.001 -19"><span class='ocrx_word' id='word_1_179' title='bbox 150 2835 178 2894; x_wconf 86' lang='lat' dir='ltr'><strong>si</strong></span> <span class='ocrx_word' id='word_1_180' title='bbox 193 2819 268 2911; x_wconf 90' lang='lat' dir='ltr'><strong>opus</strong></span> <span class='ocrx_word' id='word_1_181' title='bbox 285 2833 385 2906; x_wconf 85' lang='lat' dir='ltr'><strong>luerit,</strong></span> <span class='ocrx_word' id='word_1_182' title='bbox 401 2818 588 2911; x_wconf 86' lang='lat' dir='ltr'><strong>compellere,</strong></span> <span class='ocrx_word' id='word_1_183' title='bbox 604 2847 633 2893; x_wconf 86' lang='lat' dir='ltr'><strong>et</strong></span> <span class='ocrx_word' id='word_1_184' title='bbox 648 2833 702 2893; x_wconf 88' lang='lat' dir='ltr'><strong>alia</strong></span> <span class='ocrx_word' id='word_1_185' title='bbox 721 2833 817 2893; x_wconf 89' lang='lat' dir='ltr'><strong>iacere</strong></span> <span class='ocrx_word' id='word_1_186' title='bbox 833 2853 891 2911; x_wconf 74' lang='lat' dir='ltr'><strong>qtae</strong></span> <span class='ocrx_word' id='word_1_187' title='bbox 910 2835 1001 2894; x_wconf 88' lang='lat' dir='ltr'><strong>sacris</strong></span> <span class='ocrx_word' id='word_1_188' title='bbox 1016 2836 1185 2913; x_wconf 88' lang='lat' dir='ltr'><strong>apostolicis</strong></span> 
     </span>
     <span class='ocr_line' id='line_1_25' title="bbox 152 2935 1186 3014; baseline 0.001 -19"><span class='ocrx_word' id='word_1_189' title='bbox 152 2935 304 3014; x_wconf 82' lang='lat' dir='ltr'><strong>rescriptis</strong></span> <span class='ocrx_word' id='word_1_190' title='bbox 312 2935 649 3008; x_wconf 86' lang='lat' dir='ltr'><strong>eontinentur,inlerius</strong></span> <span class='ocrx_word' id='word_1_191' title='bbox 660 2936 696 2995; x_wconf 93' lang='lat' dir='ltr'><strong>ad</strong></span> <span class='ocrx_word' id='word_1_192' title='bbox 710 2935 834 2995; x_wconf 90' lang='lat' dir='ltr'><strong>verbum</strong></span> <span class='ocrx_word' id='word_1_193' title='bbox 848 2936 978 3010; x_wconf 88' lang='lat' dir='ltr'><strong>insertis,</strong></span> <span class='ocrx_word' id='word_1_194' title='bbox 986 2937 1008 2994; x_wconf 93' lang='lat' dir='ltr'><strong>si</strong></span> <span class='ocrx_word' id='word_1_195' title='bbox 1021 2936 1088 3014; x_wconf 86' lang='lat' dir='ltr'><strong>quis</strong></span> <span class='ocrx_word' id='word_1_196' title='bbox 1100 2955 1186 3014; x_wconf 88' lang='lat' dir='ltr'><strong>aper·</strong></span> 
     </span>
     <span class='ocr_line' id='line_1_26' title="bbox 152 3036 511 3113; baseline 0 -17"><span class='ocrx_word' id='word_1_197' title='bbox 152 3037 213 3096; x_wconf 90' lang='lat' dir='ltr'><strong>tius</strong></span> <span class='ocrx_word' id='word_1_198' title='bbox 228 3036 390 3113; x_wconf 87' lang='lat' dir='ltr'><strong>quesivorit</strong></span> <span class='ocrx_word' id='word_1_199' title='bbox 406 3055 511 3096; x_wconf 88' lang='lat' dir='ltr'><strong>nosse:</strong></span> 
     </span>
     <span class='ocr_line' id='line_1_27' title="bbox 195 3139 1510 3222; baseline 0.002 -28"><span class='ocrx_word' id='word_1_200' title='bbox 195 3160 212 3195; x_wconf 86' lang='lat' dir='ltr'><strong>u</strong></span> <span class='ocrx_word' id='word_1_201' title='bbox 235 3139 343 3198; x_wconf 86' lang='lat' dir='ltr'><strong>Paulus</strong></span> <span class='ocrx_word' id='word_1_202' title='bbox 358 3139 525 3218; x_wconf 89' lang='lat' dir='ltr'><strong>episeopus,</strong></span> <span class='ocrx_word' id='word_1_203' title='bbox 541 3158 645 3200; x_wconf 89' lang='lat' dir='ltr'><strong>servus</strong></span> <span class='ocrx_word' id='word_1_204' title='bbox 660 3158 817 3200; x_wconf 86' lang='lat' dir='ltr'><strong>servorum</strong></span> <span class='ocrx_word' id='word_1_205' title='bbox 833 3139 897 3212; x_wconf 86' lang='lat' dir='ltr'><strong>Dei,</strong></span> <span class='ocrx_word' id='word_1_206' title='bbox 914 3139 1077 3199; x_wconf 85' lang='lat' dir='ltr'><strong>venerabili</strong></span> <span class='ocrx_word' id='word_1_207' title='bbox 1098 3139 1184 3199; x_wconf 83' lang='lat' dir='ltr'><strong>fratri</strong></span> <span class='ocrx_word' id='word_1_208' title='bbox 1201 3152 1266 3202; x_wconf 75' lang='lat' dir='ltr'><strong>Bulla</strong></span> <span class='ocrx_word' id='word_1_209' title='bbox 1289 3166 1329 3222; x_wconf 64' lang='lat' dir='ltr'><strong>seu</strong></span> <span class='ocrx_word' id='word_1_210' title='bbox 1348 3150 1446 3200; x_wconf 77' lang='lat' dir='ltr'><strong>facultas</strong></span> <span class='ocrx_word' id='word_1_211' title='bbox 1464 3217 1465 3220; x_wconf 7' lang='grc' dir='ltr'><strong>Ἴ</strong></span> <span class='ocrx_word' id='word_1_212' title='bbox 1504 3154 1510 3164; x_wconf 73' lang='grc'><strong>“</strong></span> 
     </span>
     <span class='ocr_line' id='line_1_28' title="bbox 93 3212 1305 3323; baseline 0.004 -25"><span class='ocrx_word' id='word_1_213' title='bbox 93 3239 99 3244; x_wconf 83' lang='grc'><strong>’</strong></span> <span class='ocrx_word' id='word_1_214' title='bbox 152 3264 171 3298; x_wconf 82' lang='grc'><strong>))</strong></span> <span class='ocrx_word' id='word_1_215' title='bbox 195 3241 348 3312; x_wconf 74' lang='lat' dir='ltr'><strong>Boauleia,</strong></span> <span class='ocrx_word' id='word_1_216' title='bbox 359 3243 499 3320; x_wconf 89' lang='lat' dir='ltr'><strong>episcopo</strong></span> <span class='ocrx_word' id='word_1_217' title='bbox 510 3243 1027 3303; x_wconf 79' lang='lat' dir='ltr'><strong>Tricarieensireferendarioetcuur</strong></span> <span class='ocrx_word' id='word_1_218' title='bbox 1040 3251 1186 3323; x_wconf 88' lang='lat' dir='ltr'><strong>potestate</strong></span> <span class='ocrx_word' id='word_1_219' title='bbox 1229 3212 1305 3270; x_wconf 47' lang='grc' dir='ltr'><strong>Μ’</strong></span> 
     </span>
     <span class='ocr_line' id='line_1_29' title="bbox 153 3342 1187 3420; baseline 0.005 -22"><span class='ocrx_word' id='word_1_220' title='bbox 153 3365 171 3398; x_wconf 78' lang='lat' dir='ltr'><strong>a</strong></span> <span class='ocrx_word' id='word_1_221' title='bbox 193 3343 280 3420; x_wconf 81' lang='lat' dir='ltr'><strong>legati</strong></span> <span class='ocrx_word' id='word_1_222' title='bbox 296 3343 332 3402; x_wconf 92' lang='lat' dir='ltr'><strong>de</strong></span> <span class='ocrx_word' id='word_1_223' title='bbox 349 3342 440 3401; x_wconf 89' lang='lat' dir='ltr'><strong>latere</strong></span> <span class='ocrx_word' id='word_1_224' title='bbox 455 3344 484 3401; x_wconf 90' lang='lat' dir='ltr'><strong>in</strong></span> <span class='ocrx_word' id='word_1_225' title='bbox 500 3343 678 3415; x_wconf 87' lang='lat' dir='ltr'><strong>Coloniensi,</strong></span> <span class='ocrx_word' id='word_1_226' title='bbox 693 3343 880 3420; x_wconf 86' lang='lat' dir='ltr'><strong>Treverensi,</strong></span> <span class='ocrx_word' id='word_1_227' title='bbox 896 3343 1060 3412; x_wconf 81' lang='lat' dir='ltr'><strong>leodiensi,</strong></span> <span class='ocrx_word' id='word_1_228' title='bbox 1076 3346 1187 3403; x_wconf 83' lang='lat' dir='ltr'><strong>&#39;lorna-</strong></span> 
     </span>
     <span class='ocr_line' id='line_1_30' title="bbox 154 3441 1187 3522; baseline 0.006 -23"><span class='ocrx_word' id='word_1_229' title='bbox 154 3465 173 3500; x_wconf 87' lang='lat'>»</span> <span class='ocrx_word' id='word_1_230' title='bbox 194 3444 275 3503; x_wconf 88' lang='lat' dir='ltr'><strong>censi</strong></span> <span class='ocrx_word' id='word_1_231' title='bbox 290 3454 319 3504; x_wconf 90' lang='lat' dir='ltr'><strong>et</strong></span> <span class='ocrx_word' id='word_1_232' title='bbox 334 3441 514 3522; x_wconf 84' lang='lat' dir='ltr'><strong>Trajeetensi</strong></span> <span class='ocrx_word' id='word_1_233' title='bbox 534 3443 702 3504; x_wconf 86' lang='lat' dir='ltr'><strong>civitatibus</strong></span> <span class='ocrx_word' id='word_1_234' title='bbox 721 3457 750 3503; x_wconf 91' lang='lat' dir='ltr'><strong>et</strong></span> <span class='ocrx_word' id='word_1_235' title='bbox 765 3443 944 3518; x_wconf 88' lang='lat' dir='ltr'><strong>diocesibus,</strong></span> <span class='ocrx_word' id='word_1_236' title='bbox 960 3463 994 3504; x_wconf 91' lang='lat' dir='ltr'><strong>ac</strong></span> <span class='ocrx_word' id='word_1_237' title='bbox 1014 3446 1102 3504; x_wconf 87' lang='lat' dir='ltr'><strong>etiam</strong></span> <span class='ocrx_word' id='word_1_238' title='bbox 1123 3444 1187 3505; x_wconf 88' lang='lat' dir='ltr'><strong>aliis</strong></span> 
     </span>
     <span class='ocr_line' id='line_1_31' title="bbox 155 3543 1184 3623; baseline 0.005 -23"><span class='ocrx_word' id='word_1_239' title='bbox 155 3567 172 3600; x_wconf 76' lang='lat' dir='ltr'><strong>a</strong></span> <span class='ocrx_word' id='word_1_240' title='bbox 195 3544 426 3622; x_wconf 85' lang='lat' dir='ltr'><strong>quibuscunque</strong></span> <span class='ocrx_word' id='word_1_241' title='bbox 441 3544 557 3603; x_wconf 90' lang='lat' dir='ltr'><strong>loeisad</strong></span> <span class='ocrx_word' id='word_1_242' title='bbox 579 3563 647 3622; x_wconf 89' lang='lat' dir='ltr'><strong>que,</strong></span> <span class='ocrx_word' id='word_1_243' title='bbox 666 3544 819 3604; x_wconf 73' lang='lat' dir='ltr'><strong>accessione</strong></span> <span class='ocrx_word' id='word_1_244' title='bbox 843 3543 995 3606; x_wconf 83' lang='lat' dir='ltr'><strong>tractanda</strong></span> <span class='ocrx_word' id='word_1_245' title='bbox 1012 3557 1041 3605; x_wconf 88' lang='lat' dir='ltr'><strong>ct</strong></span> <span class='ocrx_word' id='word_1_246' title='bbox 1064 3563 1184 3623; x_wconf 87' lang='lat' dir='ltr'><strong>compo·</strong></span> 
     </span>
     <span class='ocr_line' id='line_1_32' title="bbox 155 3643 1197 3726; baseline 0.004 -27"><span class='ocrx_word' id='word_1_247' title='bbox 155 3667 173 3700; x_wconf 79' lang='lat' dir='ltr'><strong>a</strong></span> <span class='ocrx_word' id='word_1_248' title='bbox 195 3643 293 3705; x_wconf 89' lang='lat' dir='ltr'><strong>nendc</strong></span> <span class='ocrx_word' id='word_1_249' title='bbox 311 3645 401 3722; x_wconf 91' lang='lat' dir='ltr'><strong>pacis,</strong></span> <span class='ocrx_word' id='word_1_250' title='bbox 414 3656 440 3703; x_wconf 85' lang='lat' dir='ltr'><strong>te</strong></span> <span class='ocrx_word' id='word_1_251' title='bbox 459 3643 609 3703; x_wconf 91' lang='lat' dir='ltr'><strong>declinare</strong></span> <span class='ocrx_word' id='word_1_252' title='bbox 628 3644 807 3725; x_wconf 77' lang='lat' dir='ltr'><strong>contingerit</strong></span> <span class='ocrx_word' id='word_1_253' title='bbox 828 3644 881 3726; x_wconf 71' lang='lat'><strong>(⁹2),</strong></span> <span class='ocrx_word' id='word_1_254' title='bbox 903 3647 1008 3723; x_wconf 84' lang='lat' dir='ltr'><strong>nuntio</strong></span> <span class='ocrx_word' id='word_1_255' title='bbox 1030 3657 1058 3706; x_wconf 89' lang='lat' dir='ltr'><strong>ct</strong></span> <span class='ocrx_word' id='word_1_256' title='bbox 1074 3645 1197 3704; x_wconf 63' lang='lat' dir='ltr'><strong>oratori,</strong></span> 
     </span>
    </p>
   </div>
   <div class='ocr_carea' id='block_1_3' title="bbox 189 3911 652 4064">
    <p class='ocr_par' dir='ltr' id='par_1_4' title="bbox 189 3911 652 4064">
     <span class='ocr_line' id='line_1_33' title="bbox 189 3911 583 3974; baseline 0.008 -16"><span class='ocrx_word' id='word_1_257' title='bbox 189 3911 226 3970; x_wconf 79' lang='lat' dir='ltr'><strong>tl)</strong></span> <span class='ocrx_word' id='word_1_258' title='bbox 245 3911 583 3974; x_wconf 68' lang='lat' dir='ltr'><strong>teperet-uessuspagett.</strong></span> 
     </span>
     <span class='ocr_line' id='line_1_34' title="bbox 191 3997 652 4064; baseline 0 -16"><span class='ocrx_word' id='word_1_259' title='bbox 191 3997 224 4062; x_wconf 74' lang='grc'><strong>(9)</strong></span> <span class='ocrx_word' id='word_1_260' title='bbox 244 3999 314 4049; x_wconf 81' lang='lat' dir='ltr'><strong>lisez</strong></span> <span class='ocrx_word' id='word_1_261' title='bbox 325 4013 353 4048; x_wconf 80' lang='lat' dir='ltr'><strong>ar</strong></span> <span class='ocrx_word' id='word_1_262' title='bbox 364 3997 496 4048; x_wconf 82' lang='lat' dir='ltr'><strong>declinare</strong></span> <span class='ocrx_word' id='word_1_263' title='bbox 506 3998 652 4064; x_wconf 80' lang='lat' dir='ltr'><strong>oouliperlt.</strong></span> 
     </span>
    </p>
   </div>
   <div class='ocr_carea' id='block_1_4' title="bbox 0 0 1571 4914">
    <p class='ocr_par' dir='ltr' id='par_1_5' title="bbox 0 0 1571 4914">
     <span class='ocr_line' id='line_1_35' title="bbox 0 0 1571 4914; baseline 0 0"><span class='ocrx_word' id='word_1_264' title='bbox 0 0 1571 4914; x_wconf 95' lang='lat' dir='ltr'><strong> </strong></span> 
     </span>
    </p>
   </div>
  </div>
 </body>
</html>
