3126 4906
784 453 797 540 (
822 444 935 540 ild)

348 587 525 666 priusquam
536 585 647 645 bollum
659 584 808 645 inferatur
819 606 847 644 >›.
859 585 1137 665 dnnuebatlcgatus
1148 583 1299 654 accedere,
1312 585 1383 645 licet

348 706 409 748 non
425 705 530 766 parum
547 696 647 747 mente
660 685 802 747 sollicitus
817 685 960 763 quidnam
973 686 1037 746 lroec
1051 686 1108 746 sibi
1120 687 1210 747 vellet
1222 687 1337 748 vocatio
1348 687 1381 748 in

348 787 481 849 tenebris
503 786 608 862 noetis,
629 786 781 866 postulans
803 784 964 864 sibiequos
986 784 1103 858 adduci,
1124 787 1175 864 qui
1195 796 1293 846 tamen
1318 804 1380 848 non

299 893 300 896 ’
348 887 590 966 reperiebantur3
602 885 652 946 sed
665 887 774 965 Argue,
784 885 858 945 inito
869 903 936 945 curn
948 885 1151 957 suisconsilio,
1164 886 1381 964 prosectionem

348 986 540 1065 impediebat,
554 986 667 1048 veritus
682 986 726 1067 (ut
746 997 847 1064 postea
866 995 1052 1063 compertum
1072 987 1128 1066 cst)
1143 1005 1181 1047 nc
1200 986 1324 1066 predam
1344 1005 1382 1046 cx

273 1125 276 1130 -
348 1088 435 1168 legati
454 1096 484 1147 et
502 1105 625 1147 sitorum
644 1087 877 1147 domesticorum
897 1086 1065 1164 pecuniaria
1084 1087 1300 1165 redemptione,
1317 1085 1381 1163 jam

349 1196 450 1248 mente
464 1198 648 1266 conceptam,
664 1186 814 1266 perderet,
828 1196 858 1247 et
873 1187 1062 1248 marescallus
1085 1197 1117 1248 ut
1139 1188 1279 1268 princeps
1299 1205 1384 1247 exar-

349 1290 425 1349 citus
446 1289 502 1348 sibi
519 1306 584 1348 eam
599 1288 771 1348 vendicaret
785 1297 815 1346 et
829 1306 864 1347 ex
880 1287 1014 1348 faucibus
1029 1307 1134 1348 corum
1157 1289 1302 1368 criperet3
1322 1287 1382 1348 sub

350 1388 405 1447 bac
422 1387 547 1448 conficta
558 1387 747 1447 ordinatione
765 1396 906 1446 tractatus
924 1388 1099 1448 altercatum
1110 1400 1155 1448 cst
1166 1387 1384 1466 aliquantisper

351 1489 430 1548 inter
441 1487 529 1566 ipsos.
542 1487 626 1548 Multi
641 1487 761 1548 interim
778 1487 815 1546 ad
829 1505 917 1547 aures
928 1489 1014 1567 legati
1027 1507 1186 1550 susurrare
1197 1510 1215 1547 c<
1231 1502 1265 1548 ut
1280 1488 1382 1566 prole-

349 1589 477 1650 ctioncm
494 1597 656 1662 recusaret,
671 1587 749 1648 banc
765 1588 801 1648 ad
817 1589 975 1648 consilium
997 1591 1181 1651 vocationem
1202 1601 1381 1652 nocturnam

349 1709 413 1751 csse
432 1689 587 1751 confictam
603 1699 637 1751 ut
650 1691 734 1760 elam,
754 1688 947 1750 subordinate
966 1691 996 1750 in
1015 1690 1149 1750 tenebris
1169 1691 1249 1751 inter
1266 1689 1383 1766 aliquos

346 1792 429 1852 leves
439 1791 577 1852 homines
588 1793 772 1872 sagyptarios
785 1791 858 1864 rixa,
874 1791 987 1871 legatus
1001 1809 1069 1852 cum
1084 1793 1144 1852 suis
1160 1791 1384 1852 interficeretur

349 1895 413 1954 sine
424 1912 529 1954 eorum
541 1895 628 1971 culpa
641 1894 687 1954 vel
700 1893 778 1954 same
789 1894 901 1954 lesione
913 1914 942 1954 n.
950 1893 1066 1967 Quibus
1077 1895 1192 1972 legatus
1202 1911 1209 1953 :
1221 1913 1239 1950 e
1252 1894 1281 1953 Si
1294 1891 1382 1966 bane,

350 2015 368 2051 a
390 1995 497 2072 inquit,
509 1995 692 2055 voluntatem
709 1992 830 2068 babent,
845 1994 945 2054 multis
960 2012 1025 2054 eam
1042 1993 1136 2054 modis
1148 2003 1276 2073 possunt
1289 1993 1383 2073 perfi-

349 2114 368 2152 a
391 2113 466 2154 cere.
482 2094 631 2155 Vadamus
646 2095 676 2154 in
694 2095 815 2154 nomine
830 2095 966 2156 Dominii
986 2115 1004 2152 u

329 2253 331 2258 .
389 2193 531 2266 Tandem,
558 2205 625 2272 post
649 2212 754 2254 eorum
783 2195 1045 2266 concertationem,
1066 2193 1127 2254 duo
1152 2213 1190 2254 ex
1211 2193 1383 2254 senioribus

349 2297 446 2374 Argue
468 2293 505 2353 ad
523 2295 654 2374 legatum
669 2313 781 2362 neuere
794 2293 928 2355 dicentes
947 2315 965 2352 c<
982 2313 1014 2355 se
1029 2293 1245 2372 profectionem
1263 2294 1329 2373 ejus
1342 2297 1381 2355 ad

349 2394 553 2455 marescallum
572 2395 762 2474 permicterc,
782 2396 834 2456 sed
850 2414 917 2455 curn
934 2394 1030 2456 tribus
1051 2406 1102 2455 aut
1121 2406 1251 2473 quatuor
1268 2414 1304 2456 ex
1318 2398 1381 2457 suis

349 2507 466 2556 tuntum
479 2517 506 2556 a.
519 2496 563 2555 Ad
575 2515 650 2574 quos
665 2497 778 2575 legatus
791 2497 883 2576 magis
895 2505 1064 2557 conmotus:
1075 2497 1161 2557 «Non
1170 2496 1381 2576 recte,inquit,

349 2618 366 2654 a
388 2597 486 2675 agitis3
497 2597 559 2675 jam
572 2596 662 2658 fidem
677 2598 746 2659 dedi
758 2617 847 2676 quam
862 2597 999 2676 exegistis
1015 2615 1070 2676 pro
1081 2616 1130 2657 me
1143 2606 1174 2658 et
1189 2598 1262 2658 meis
1278 2597 1381 2658 'omni-

349 2718 366 2755 n
389 2695 455 2770 bus,
472 2710 504 2757 ut
520 2699 584 2759 sine
602 2699 757 2760 voluntate
775 2699 860 2766 ducis
877 2718 935 2760 non
957 2698 1158 2759 discedamus:
1176 2698 1246 2759 satis
1265 2718 1302 2759 ex
1323 2697 1381 2759 hoc

348 2821 365 2856 a
390 2799 444 2859 tuti
461 2818 524 2860 esse
535 2802 660 2880 potestis
675 2819 753 2873 eum,
764 2801 854 2861 etiam
865 2801 889 2861 si
905 2800 1048 2859 vellemus
1063 2799 1227 2874 discedere,
1242 2799 1380 2877 impossi-

348 2922 365 2957 »
389 2900 446 2960 bile
457 2912 535 2961 esset
550 2901 636 2977 nobis
647 2903 677 2963 in
693 2901 791 2962 medio
804 2901 877 2962 tanti
892 2901 1039 2960 exercitus
1050 2901 1229 2962 constitutis.
1247 2901 1379 2962 Permie·

347 3022 366 3059 »
389 3003 440 3062 tite
456 3021 537 3062 meos
556 3004 807 3064 meeumrenire.
826 3005 976 3062 »Rursus
997 3001 1059 3061 illi:
1084 3023 1102 3059 «
1127 3002 1192 3062 Non
1209 3019 1379 3080 possumus,

348 3103 545 3178 pinnulam,
573 3103 641 3182 plus
670 3103 848 3182 permictere
876 3113 1036 3181 antequam
1065 3103 1227 3164 habeamus
1255 3124 1270 3162 a
1301 3104 1379 3164 duee

347 3222 365 3258 a
388 3219 583 3280 responsum3
607 3204 659 3263 sed
679 3201 779 3282 eligite
799 3221 835 3263 cx
855 3205 962 3264 vestris
984 3216 1123 3282 quatuor,
1134 3215 1164 3264 et
1180 3223 1233 3264 nos
1254 3205 1379 3283 supple-

347 3324 365 3360 »
388 3302 486 3363 bimus
506 3304 632 3364 aliorum
654 3321 857 3364 numerum».
875 3304 1099 3364 concurrebant
1119 3306 1220 3384 plures
1238 3323 1274 3364 ex
1290 3303 1378 3384 legati

346 3404 542 3466 familiaribus
564 3405 600 3466 ad
622 3425 691 3466 cum
713 3415 746 3466 ut
765 3425 797 3466 sc
816 3405 940 3486 eligeret
954 3425 990 3467 ex
1008 3405 1049 3487 (l)
1072 3425 1199 3466 numero
1220 3414 1376 3483 quattuor,

345 3505 382 3565 ad
397 3505 621 3586 quoslegacus:
639 3527 657 3565 t<
673 3507 771 3569 Nolite
787 3506 860 3567 mihi
875 3507 991 3568 molesti
1006 3526 1085 3582 esse;
1102 3508 1225 3568 veniant
1238 3526 1274 3567 ex
1293 3505 1379 3568 robis

347 3626 364 3662 u
386 3606 694 3684 quatuorquieunquc
712 3606 845 3669 velint».
862 3611 897 3668 Et
911 3606 1032 3668 dimisso
1052 3607 1133 3667 inter
1145 3626 1195 3667 eos
1211 3607 1380 3680 Richardo,

347 3706 487 3786 magistro
509 3707 615 3770 domus
636 3718 665 3769 ct
684 3728 719 3770 ex
743 3709 938 3769 familiaribus
960 3708 1142 3770 secularibus
1158 3707 1329 3786 antiquiore
1349 3717 1379 3768 et

378 3942 415 4005 tl)
435 3943 506 3995 tisez
518 3947 555 3997 tn.
