3088 4926
789 458 943 554 (rso)

352 608 498 668 sententia
512 603 689 684 burgundos
704 618 821 661 summo
836 599 966 660 diluculo
980 601 1130 661 civitatem
1146 611 1377 680 expugnaturos,

353 707 547 784 comunisque
555 705 615 782 jam
628 702 818 764 increbuerat
830 700 907 760 loma
921 703 1100 761 Francorum
1113 720 1213 780 regem
1225 721 1293 762 cum
1307 701 1380 762 duce

353 807 417 867 lore
432 805 592 867 concordes
605 805 645 884 (t)
661 821 694 863 ac
708 801 796 862 simul
811 801 947 862 celeriter
967 801 1106 862 leodium
1122 820 1299 882 properare,
1314 803 1380 865 licet

353 907 422 968 satis
437 908 524 986 longe
538 906 699 965 distantes:
714 903 791 983 regis
807 904 986 980 presentiam
999 921 1103 963 omnes
1115 903 1258 982 optimam
1266 903 1380 980 judica·

354 1009 426 1069 baut
436 1009 593 1088 ipsumque
604 1006 703 1084 potius
714 1004 793 1084 pacis
806 1003 998 1065 mediatorem
1009 1021 1099 1080 quam
1109 1003 1224 1064 hostem
1234 1004 1379 1079 loturum,

353 1110 546 1170 consideratis
565 1108 612 1168 bis
631 1125 690 1185 que
710 1124 764 1166 suo
782 1104 863 1183 jussu
880 1105 926 1164 vei
942 1117 1017 1164 nutu
1032 1116 1094 1163 acta
1113 1104 1240 1166 lucrant.
1258 1107 1380 1184 Legatos

354 1210 445 1288 igitur
468 1220 498 1268 ct
521 1208 693 1286 episcopus,
717 1205 885 1266 convocatis
907 1204 943 1264 ad
967 1223 998 1264 sc
1020 1215 1105 1264 nocte
1130 1206 1178 1263 illa
1204 1204 1379 1283 quibusdem

353 1306 539 1387 gravioribus
554 1319 584 1366 ct
597 1305 781 1366 fidelioribus
794 1304 909 1365 civibus
926 1323 1021 1382 usque
1041 1305 1077 1363 ad
1101 1324 1260 1364 numerum
1281 1305 1332 1384 xij,
1352 1316 1383 1366 ct

353 1410 467 1471 Amelio
482 1408 518 1469 de
534 1410 658 1487 Velroys
676 1409 756 1468 inter
776 1425 826 1466 eos
848 1406 1003 1485 primario,
1026 1407 1127 1466 multis
1153 1399 1319 1467 rationibus
1340 1408 1381 1467 eis

354 1510 597 1572 demonstrabant
606 1530 624 1566 o
634 1509 747 1567 nullum
760 1525 824 1568 esse
834 1507 936 1568 salutis
950 1507 1117 1567 remedium
1129 1508 1263 1587 ipsorum
1273 1522 1302 1570 et
1313 1510 1382 1569 civi-

355 1611 422 1672 tatis
437 1610 491 1670 nisi
507 1610 564 1689 ipsi
579 1609 637 1668 duo
652 1609 752 1682 simul,
767 1609 880 1686 legatus
897 1616 926 1666 ct
940 1608 1108 1688 episcopus,
1126 1609 1245 1669 obviam
1266 1611 1329 1688 regi
1351 1622 1382 1670 et

354 1709 421 1771 duci
435 1711 583 1771 civitatem
599 1709 724 1782 exirent,
738 1717 768 1768 et
783 1707 874 1786 magis
885 1725 935 1767 eos
947 1705 1020 1767 duos
1033 1706 1174 1787 prodesse
1185 1708 1284 1768 verbis
1297 1729 1380 1790 posse

354 1810 432 1890 apud
448 1811 530 1889 ipsos
545 1809 693 1889 principes
708 1825 796 1884 quam
811 1825 916 1869 eorum
931 1806 1032 1866 docem
1050 1807 1129 1867 milia
1144 1818 1327 1870 armatorum
1346 1830 1376 1880 »;
1399 1828 1401 1831 ’

353 1911 553 1980 assentiebant
576 1909 676 1987 aliqui,
700 1908 809 1968 auditis
830 1907 1010 1980 rationibus,
1032 1908 1079 1966 olii
1102 1927 1171 1968 vero
1193 1909 1380 1971 affirmabant

353 2034 371 2068 u
387 2012 531 2089 populum
553 2028 613 2070 non
635 2026 850 2069 consensurum
874 2019 906 2068 ut
927 2008 1014 2067 ambo
1032 2008 1179 2068 civitatem
1195 2022 1315 2086 exeant,
1330 2013 1379 2070 sed

354 2112 452 2189 potius
463 2112 577 2188 legatus
591 2109 672 2168 solus
687 2127 722 2181 »3
738 2106 774 2166 ad
788 2108 843 2168 bec
856 2109 990 2188 legatus:
1003 2129 1021 2164 n
1036 2108 1144 2182 Nostis,
1156 2109 1262 2186 inquit,
1271 2108 1380 2187 jactare

354 2233 372 2268 >a
387 2210 564 2289 Burgundos
585 2222 614 2269 et
637 2210 733 2288 palum
750 2209 903 2288 predicare
922 2209 1097 2269 Leodienses
1113 2228 1148 2268 ex
1163 2212 1289 2290 Tongris
1302 2212 1379 2292 lega-

354 2335 371 2369 »
387 2324 448 2373 tum
464 2325 493 2373 ct
507 2313 677 2392 episcopum
693 2311 730 2372 ad
744 2310 892 2372 civitatem
916 2311 1036 2371 duxisse
1058 2323 1087 2373 et
1109 2322 1211 2373 tenere
1232 2313 1376 2392 captivom

353 2435 371 2469 >³
386 2412 447 2491 qui,
459 2414 483 2472 si
495 2413 624 2490 legatum
636 2413 731 2472 solum
743 2413 807 2472 sine
819 2411 957 2492 episcopo
973 2411 1114 2486 viderint,
1129 2415 1221 2491 magis
1232 2414 1263 2473 in
1275 2432 1378 2474 eornm

353 2539 370 2573 o
385 2518 562 2578 sententiam
584 2517 786 2578 firmabuntur
801 2525 831 2577 et
844 2516 980 2578 duriores
998 2517 1167 2579 efficientur
1180 2519 1216 2579 ad
1233 2535 1333 2595 pacem
1349 2539 1376 2575 o.

352 2621 522 2696 Vneatoque
536 2638 670 2679 seorsum
686 2620 809 2693 nmelio,
823 2619 937 2698 legatus
959 2619 986 2678 ei
1010 2619 1156 2697 persuasit
1178 2629 1212 2680 ut
1226 2642 1244 2676 n
1262 2639 1377 2680 summo

351 2720 481 2780 diluculo
505 2730 681 2781 convocaret
705 2721 864 2780 concilium
885 2719 992 2779 civium
1016 2728 1046 2779 et
1067 2718 1123 2780 boc
1145 2721 1186 2781 eis
1207 2720 1378 2781 omnimodo

350 2821 488 2883 suaderet
502 2840 557 2900 pro
572 2823 697 2882 civitatis
712 2803 816 2897 salute,
831 2823 896 2900 ipse
910 2838 1030 2898 qnoque
1043 2821 1221 2900 legationem
1234 2823 1312 2898 (cum
1325 2822 1376 2882 ali-

349 2922 458 2998 quibus
472 2922 523 3000 qui
538 2923 593 2982 sibi
609 2920 795 2998 viderentur]
810 2941 826 2980 a
841 2921 959 2980 civitate
973 2921 1140 2999 susciperet
1155 2929 1187 2979 ut
1201 2940 1269 2981 cum
1283 2922 1377 3001 legato

349 3033 379 3082 et
392 3023 531 3102 episcopo
545 3022 634 3082 simul
648 3021 685 3081 ad
700 3022 779 3102 ipsos
793 3022 945 3101 principes
961 3021 1233 3099 proficiscerentur,
1249 3022 1376 3082 oblaturi

349 3140 452 3202 paccm
467 3133 499 3182 ut
508 3122 569 3200 jam
586 3123 718 3184 iecerunt
731 3130 761 3182 et
775 3122 893 3200 scriptis
908 3121 1065 3183 ediderant
1083 3141 1090 3182 :
1107 3121 1131 3183 si
1147 3141 1202 3200 pax
1219 3122 1376 3202 perlicere-

350 3234 408 3294 tur,
421 3222 485 3302 ipsc
499 3224 575 3283 hanc
589 3234 823 3302 consequeretur
840 3223 983 3303 gloriam
1002 3223 1026 3283 si
1041 3241 1113 3283 vero
1128 3243 1176 3284 res
1190 3224 1221 3281 in
1238 3223 1376 3301 despera·

348 3327 459 3384 tionem
477 3325 660 3398 succederet,
683 3343 714 3384 se
734 3325 833 3404 ipsum
847 3336 878 3384 et
891 3344 960 3386 suos
975 3325 1071 3384 salvos
1087 3324 1172 3385 redet
1188 3325 1228 3403 (l)
1243 3343 1258 3383 e
1275 3325 1377 3384 mortis

349 3425 493 3503 periculo,
514 3443 603 3502 quam
628 3419 780 3505 burgundi
804 3426 944 3486 omnibus
967 3424 1180 3486 leodiensibus
1202 3426 1375 3486 conminan-

380 3709 416 3774 (1)
433 3711 471 3760 Uo
484 3709 557 3760 tratre
569 3717 641 3761 entre
653 3712 676 3762 le
689 3713 725 3762 roi
737 3712 769 3763 de
782 3713 877 3763 Franee
894 3721 920 3762 et
937 3713 960 3762 te
979 3713 1029 3762 duo
1046 3713 1078 3763 de
1098 3715 1246 3777 Bourgogne
1256 3713 1323 3763 avait
1335 3712 1376 3764 dte'

347 3795 419 3860 signe
435 3794 459 3846 le
477 3795 642 3858 raucone,
660 3798 723 3848 mats
740 3799 776 3848 les
792 3799 879 3849 lettres
897 3811 928 3848 ue
945 3797 1032 3848 iurent
1047 3797 1182 3863 expedites
1198 3812 1249 3862 que
1266 3797 1378 3862 quelque

347 3887 427 3943 temps
439 3881 522 3944 apres.

378 3967 417 4031 (ti
433 3968 507 4018 Lissa
517 3969 644 4021 redderet.
