3102 4914
591 445 720 543 (¹5)

140 591 217 650 inter
238 591 412 669 episcopum
431 599 461 650 et
483 606 534 648 eos
555 585 719 662 decisione,
737 605 771 648 ac
794 587 982 648 restitutione
1002 587 1169 668 ablatorum

138 689 276 770 episeopo
297 687 425 749 durante
444 705 563 767 guerra,
584 697 613 746 ct
636 685 802 747 honorabili
824 687 1003 766 injuriarum
1025 697 1054 748 et
1073 688 1170 751 olien-

139 791 257 850 sionnm
272 789 397 850 emenda
411 786 448 848 ad
463 789 546 850 ducis
560 787 729 858 arbitrium,
740 788 818 846 civili
831 799 929 848 tamen
945 799 975 848 et
991 789 1171 868 pecuniaria,

139 911 198 954 non
215 891 364 970 tangendo
380 909 533 970 personas,
549 890 637 950 salvis
654 889 742 949 etiam
756 888 884 966 juribus,
898 889 1072 971 privilegiis,
1087 891 1171 952 lran·

139 990 241 1052 clrisiis
252 1001 282 1052 et
297 991 484 1052 libertatibus
499 991 626 1052 civitatis
640 1001 671 1051 et
688 990 870 1069 oppidorum
889 991 985 1070 patrie
1004 992 1171 1053 leodiensis

139 1113 197 1170 qrrc
209 1093 290 1171 justa
308 1092 436 1167 luerint;
453 1091 613 1153 boeotiam
633 1090 748 1168 adjecto
768 1090 848 1168 quod
865 1092 1059 1170 apostolicum
1077 1093 1172 1152 inter-

141 1193 254 1252 dictum
268 1191 468 1272 relaxeturll)
479 1202 509 1252 et
520 1191 611 1269 aliqui
627 1189 776 1267 cives,va
794 1192 839 1252 vel
851 1193 958 1271 viginti
973 1212 1110 1269 numero,
1120 1195 1172 1272 qui

141 1305 207 1371 post
224 1293 362 1352 ultimum
379 1290 491 1352 bellum
509 1292 544 1352 de
559 1293 676 1352 civitate
690 1293 726 1352 ad
742 1293 916 1370 episcopum
934 1293 1131 1374 conlegerunt
1144 1301 1174 1354 et

141 1413 272 1472 qnorum
284 1393 407 1454 consilio
423 1404 527 1452 cuneta
542 1412 575 1454 se
587 1393 690 1453 lecissc
706 1394 880 1454 leodienses
895 1393 1078 1468 asserebant,
1091 1395 1174 1455 nulle

142 1495 231 1554 modo
251 1493 282 1553 in
303 1495 452 1556 civitatem
475 1491 620 1568 redirent,
637 1503 778 1570 tanquam
795 1494 930 1554 omnium
946 1495 1092 1555 malorum
1107 1514 1175 1555 auc·

142 1606 221 1655 tores
234 1596 410 1656 extitissent.
422 1596 479 1654 Has
495 1594 682 1655 conditiones
694 1614 763 1654 cum
778 1596 936 1677 episcopus
951 1597 1074 1657 omnino
1089 1615 1174 1658 recu·

142 1709 231 1771 seret,
254 1714 307 1754 nec
330 1695 521 1755 interdictum
537 1695 664 1755 relaxari
680 1696 873 1775 permictcrct
892 1704 945 1755 aut
968 1697 1176 1774 quovismodo

143 1797 291 1857 civitatem
310 1796 426 1876 ingredi
445 1795 510 1856 sine
530 1796 587 1856 illis
607 1815 646 1856 xx
666 1796 782 1855 civibus
805 1795 903 1870 vellet,
925 1796 1138 1857 Leodiensibns
1159 1816 1176 1857 c

143 1910 247 1956 contra
274 1896 474 1957 renitentibus
494 1915 528 1956 ac
550 1896 702 1976 dispositis
727 1896 826 1975 potius
848 1905 982 1957 extrema
1004 1899 1065 1975 pati
1086 1916 1175 1975 quam

143 1999 263 2058 illorum
278 1998 386 2057 civium
402 1998 581 2076 permittere
597 1995 726 2058 reditum
745 2017 752 2056 :
772 1997 898 2076 majores
919 1997 958 2058 ob
979 1997 1035 2059 hoe
1050 1998 1177 2059 dillicnl-

144 2107 218 2158 tates
234 2110 337 2160 erortc
356 2110 436 2160 sunt.
462 2099 633 2160 Suadebant
655 2098 811 2178 Philippus
829 2098 889 2158 dux
909 2110 939 2159 et
958 2081 1081 2160 Carolus
1098 2100 1178 2160 lilius

145 2200 287 2279 episeopo
302 2211 335 2260 ut
352 2199 504 2277 publicum
520 2200 632 2261 bonum
651 2199 798 2277 preferret
814 2201 940 2279 privato,
956 2209 987 2260 et
1002 2220 1040 2261 nc
1055 2211 1179 2281 propter

146 2303 260 2380 aliquos
277 2302 471 2380 particulares
490 2301 568 2362 rives
584 2320 686 2380 pacem
706 2321 774 2362 cum
794 2302 935 2362 omnibus
955 2312 984 2364 et
1003 2303 1097 2381 patria
1119 2314 1178 2363 teta

148 2403 303 2463 leodiensi
319 2403 464 2483 perlicere
479 2402 626 2474 differret,
640 2422 673 2462 nc
689 2402 881 2462 interdictum
898 2403 960 2464 tolli
979 2403 1180 2482 permitteret,

148 2502 279 2562 maxime
292 2520 359 2561 cunr
381 2502 557 2562 leodienses
575 2501 721 2563 offerrent
741 2503 838 2563 omnia
858 2503 894 2562 ad
915 2501 999 2563 ducis
1020 2503 1178 2563 arbitrium

148 2605 294 2683 imperata
310 2602 449 2676 lactares,
468 2602 515 2663 his
533 2601 649 2663 duabus
671 2602 762 2664 rebus
782 2603 881 2682 gestis.
894 2604 968 2677 Quae
982 2621 1049 2662 cmn
1066 2604 1180 2683 episeo-

148 2723 204 2782 pus
219 2703 397 2764 obstinatius
417 2712 519 2764 contra
542 2703 625 2763 ducis
643 2704 820 2764 sententiam
840 2712 1000 2776 recusaret,
1018 2714 1047 2764 et
1067 2703 1105 2764 ob
1125 2703 1181 2764 hec

150 2804 236 2864 multi
252 2804 458 2864 Leodiensium
471 2805 568 2879 amici,
579 2823 654 2882 quos
669 2816 774 2865 vocant
788 2824 849 2865 van
863 2807 916 2864 der
929 2822 1055 2885 proencr
1070 2811 1179 2879 toalea,

111 2907 113 2912 ’
149 2906 186 2966 de
197 2904 287 2966 viridi
300 2905 428 2964 tentorio
440 2905 484 2964 vel
499 2904 627 2964 tinctura
636 2902 732 2984 (llud
744 2922 904 2964 nnmerum
917 2903 1181 2982 quartusnullum,

150 3009 180 3068 in
192 3024 298 3068 eorum
310 3007 453 3067 auxilium
465 3007 496 3066 in
507 3006 601 3085 patria
609 3007 829 3080 convenissent,
837 3025 923 3085 agros
935 3004 1078 3067 finitimos
1091 3025 1184 3086 popu·

149 3107 245 3168 lantes
257 3115 286 3167 el
297 3107 396 3166 omnia
408 3116 541 3167 extrema
554 3108 746 3190 temptaturi:
758 3106 856 3166 visum
869 3115 914 3167 est
926 3107 1064 3188 Philippo
1075 3107 1143 3169 duci
1154 3118 1184 3168 et

189 3433 226 3495 (l)
244 3431 316 3481 lisez
327 3431 508 3480 reluceretur.

183 3521 221 3585 (2)
241 3537 251 3566 ι
267 3519 337 3568 Multi
352 3531 383 3567 ex
395 3517 548 3580 primoribus
561 3516 660 3565 civibus
671 3514 715 3578 qui
729 3529 757 3566 se
769 3516 854 3566 socios
868 3515 987 3566 Virduroe
998 3517 1186 3579 nuncupabant,

153 3605 222 3668 quod
238 3616 285 3653 nos
302 3602 437 3652 vernaculo
451 3614 568 3652 sermone
584 3602 734 3664 exponimus
750 3613 803 3650 von
821 3602 868 3651 der
882 3613 993 3665 procare
1008 3605 1095 3652 lenton
1108 3616 1136 3664 ι»,
1149 3599 1186 3648 dit

155 3691 302 3754 dannanus,
318 3689 381 3739 dans
399 3689 433 3738 llr
447 3688 516 3749 Rau,
527 3686 690 3746 Documenta,
703 3693 759 3750 etc,
774 3701 797 3751 p.
807 3687 864 3738 358.
877 3687 927 3737 Sur
938 3700 981 3738 ees
993 3703 1005 3734 a
1018 3700 1187 3750 compagnons

155 3779 200 3828 des
211 3784 296 3828 vertes
308 3782 391 3826 tentes
402 3791 424 3841 a,
433 3775 501 3825 aussi
513 3774 615 3837 appeles
623 3774 838 3836 contenerioicre,
849 3788 903 3838 roy.
912 3775 1098 3843 eutramnus,
1111 3776 1187 3826 uesta

155 3871 225 3928 pont.
238 3864 321 3924 leod,
334 3869 353 3914 t.
365 3863 408 3923 lll,
419 3876 443 3926 p.
457 3864 511 3926 157,
523 3869 550 3912 et
562 3861 607 3911 clr.
619 3861 748 3923 Gccnaao,
761 3860 903 3912 collection
919 3862 950 3912 de
966 3862 1116 3913 documenta
1129 3864 1186 3912 tne-

157 3953 375 4003 dt'tseoncernent
386 3948 511 4000 l'ltlstoire
523 3949 554 3998 de
564 3948 592 3999 lu
605 3946 736 4013 Belplque,
748 3953 766 3999 t.
778 3948 809 4008 ll,
819 3961 845 4011 p.
854 3948 911 4009 tes,
920 3955 987 3998 note.
