3088 4926
190 666 207 699 n
225 661 279 722 pro
300 652 350 701 tue
366 637 492 706 Ecclesie
507 637 666 697 defensore
680 656 715 695 ex
731 637 825 696 causis
840 635 901 714 jam
918 635 1003 696 dietis
1019 638 1126 698 missus
1141 657 1218 714 sum,

191 769 209 803 n
224 756 254 805 et
276 743 405 822 najara,
425 741 567 814 dominia,
589 739 741 799 libertates
760 747 789 798 et
813 739 921 816 regalia
935 738 1062 799 Ecclesie
1081 751 1129 799 tue
1144 741 1218 801 Leo·
1246 763 1249 768 ·

189 845 333 905 »diensis
352 843 405 903 tibi
423 842 469 902 vel
485 841 600 921 perdita
617 841 819 913 restituerem,
837 841 883 899 vel
898 841 1039 917 aequisita
1059 861 1217 902 conserva·

177 943 206 1002 'n
222 965 301 1017 rem,
323 943 457 1004 subditos
473 951 539 1002 tuos
556 937 609 1000 tibi
623 941 783 1019 aliquando
796 939 922 1001 rebelles
937 944 999 1002 Deo
1020 944 1103 1020 prius
1118 944 1218 1003 conci-

189 1071 207 1104 »
222 1048 327 1106 liarem
342 1059 371 1104 et
386 1045 421 1104 ad
441 1055 526 1103 tuum
538 1043 653 1122 justum
668 1043 830 1120 imperium
846 1055 875 1102 et
894 1042 1000 1102 bonam
1016 1043 1216 1104 obedientiam
1238 1093 1240 1096 .

188 1169 205 1204 n
223 1147 414 1218 reducerem,
442 1163 604 1223 pacemque
628 1145 707 1203 inter
736 1153 764 1202 te
792 1152 822 1202 et
848 1145 928 1222 ipsos
951 1163 1161 1222 componerem
1188 1158 1217 1206 ct

188 1273 206 1307 »
222 1250 396 1311 auctoritate
424 1248 583 1326 apostolica
611 1247 801 1318 roborarem,
827 1255 1002 1323 partemque
1027 1248 1216 1308 concordiam

191 1374 208 1408 n
226 1361 413 1411 recusantem
439 1349 572 1407 censuris
597 1350 754 1425 oportunis
779 1348 1002 1426 compellerem,
1029 1347 1164 1408 invocato
1193 1351 1217 1409 si
1254 1363 1257 1370 ‘

188 1476 204 1510 n
220 1472 295 1531 opus
310 1451 403 1511 sue'rit
413 1450 537 1509 seculari
549 1448 670 1509 brachio
682 1459 772 1527 prout
784 1469 819 1508 ex
831 1449 921 1508 sacris
934 1450 1086 1528 rescriptis
1097 1459 1216 1528 aposto-

104 1597 105 1600 *
189 1577 206 1610 n
223 1555 285 1613 licis
300 1558 440 1632 (quorum
456 1553 607 1630 exemplar
621 1551 701 1629 apud
716 1559 745 1610 te
759 1553 813 1624 est)
825 1553 894 1610 satis
907 1551 1071 1628 intelligere
1084 1551 1215 1628 potuisti.

188 1677 205 1710 n
222 1655 250 1713 Si
266 1655 338 1733 quid
354 1659 452 1712 autem
469 1653 548 1712 inter
563 1664 590 1711 te
615 1643 645 1711 et
660 1651 794 1710 subditos
810 1660 877 1710 tuos
892 1671 927 1710 cx
953 1671 1029 1724 una,
1044 1661 1073 1711 ct
1087 1653 1214 1730 aliquem

105 1828 108 1835 Ι
188 1778 205 1811 n
223 1755 268 1814 vel
279 1755 394 1833 aliquos
407 1754 556 1832 principes
567 1753 714 1812 seculares
726 1772 761 1812 ex
773 1753 838 1823 alia,
852 1753 1037 1811 tractandum
1050 1763 1080 1810 et
1091 1753 1216 1813 firman-

188 1880 205 1913 »
221 1857 292 1918 dum
316 1861 369 1928 sit,
393 1857 448 1916 boc
467 1855 684 1935 subsequenter
704 1875 764 1915 non
787 1857 991 1934 principaliter
1008 1858 1053 1934 agi
1074 1869 1213 1934 oportet:

186 1982 204 2015 »
221 1959 299 2035 quod
321 1958 444 2017 sacillius
462 1977 518 2016 rina
535 1949 632 2017 tecum
652 1976 741 2035 quam
759 1958 839 2017 solus
861 1957 984 2035 egissem
1007 1969 1035 2017 et
1049 1977 1167 2036 agerem
1190 1960 1214 2019 si

153 2056 161 2074 ⁹
187 2081 204 2114 n
220 2060 249 2118 in
266 2060 383 2120 civitate
406 2075 521 2118 mecum
545 2079 636 2134 casea,
659 2076 725 2118 cum
743 2059 830 2136 paulo
853 2056 957 2117 durius
979 2057 1014 2117 ad
1035 2059 1134 2117 omnia
1156 2076 1215 2137 que

188 2160 344 2218 »illustris
366 2160 487 2219 Carolus
509 2160 680 2238 burgundie
706 2159 766 2218 dux
791 2178 843 2218 sua
870 2159 934 2238 lege
958 2159 1064 2219 indixit
1088 2160 1215 2219 conduci

189 2283 206 2316 n
224 2281 303 2321 nunc
316 2263 440 2340 possint,
457 2281 540 2339 posse
551 2273 649 2322 autem
666 2262 760 2320 indies
777 2261 890 2320 facilins
912 2273 959 2320 tua
976 2275 1005 2322 et
1022 2282 1085 2321 mea
1101 2273 1215 2322 exorta·

188 2387 205 2422 n
226 2365 307 2424 tione
320 2364 471 2422 conmuni.
491 2365 604 2422 Horum
626 2364 760 2422 omnium
784 2363 926 2440 maJorem
939 2363 998 2441 jam
1017 2375 1130 2440 partem
1148 2362 1214 2440 ioci,

187 2488 204 2520 »
220 2477 249 2524 ct
277 2465 356 2542 quod
383 2463 537 2524 residuum
558 2476 602 2524 est
628 2465 771 2542 perficere
791 2475 910 2542 paratus
930 2482 1010 2536 sum,
1032 2465 1102 2542 ipsis
1125 2465 1214 2524 ctiam

185 2588 203 2621 n
221 2567 400 2648 petentibus·
428 2567 456 2625 Si
487 2585 522 2624 ex
552 2565 678 2624 aliorum
708 2553 875 2642 principum
902 2565 1081 2624 secularium
1103 2565 1214 2643 judicio

185 2689 203 2721 n
220 2665 342 2743 pendes,
354 2667 404 2742 qui
421 2665 543 2743 predam
559 2676 588 2723 et
599 2665 774 2742 sanguinem
792 2677 910 2724 tuarum
926 2667 1025 2724 ovium
1049 2666 1164 2737 sitiunt,
1181 2678 1215 2727 ut

187 2788 205 2822 a
223 2785 323 2843 pacem
349 2766 478 2826 oblatam
498 2778 525 2824 et
547 2765 746 2825 obedientiam
763 2776 916 2842 acceptare
936 2766 980 2824 vel
1003 2756 1077 2825 nolis
1092 2769 1138 2825 vel
1152 2786 1213 2827 noir

182 2890 202 2924 n
218 2870 321 2946 possiS,
343 2868 414 2945 quid
437 2886 490 2944 per
510 2885 556 2926 me
575 2867 702 2946 amplius
723 2865 856 2926 fiendum
871 2869 910 2927 sit
930 2881 1008 2927 cerm
1032 2888 1091 2929 non
1116 2869 1214 2943 video,

187 2993 204 3026 n
221 2971 278 3030 nisi
300 2983 332 3028 ut
349 2971 394 3030 vel
410 2968 512 3028 abeam
528 2967 635 3028 adalia
653 2967 725 3027 milri
748 2968 893 3028 'conmissa
910 2971 1077 3049 peragenda
1095 2972 1213 3050 negocia

184 3072 246 3129 »in
270 3071 425 3130 Germania
448 3083 477 3130 et
500 3070 602 3144 Gallia,
627 3070 673 3130 vel
696 3070 829 3129 ultimam
853 3070 998 3131 facultatis
1013 3071 1086 3133 mihi
1103 3073 1214 3133 tribute

144 3251 145 3254 Ἴ
184 3195 202 3229 n
219 3185 332 3250 partem
353 3172 493 3250 accipiam
511 3185 544 3233 ut
561 3182 590 3232 te
610 3173 646 3231 ad
672 3173 756 3232 illum
779 3174 1016 3250 amplectendam
1037 3157 1067 3234 et
1089 3194 1213 3234 conser-

184 3298 202 3330 ›>
220 3274 345 3334 vandam
371 3274 546 3352 compellam
566 3275 750 3334 indicassem
773 3275 919 3354 prolecto,
941 3296 1008 3335 cum
1029 3278 1159 3354 primum
1175 3277 1213 3336 ad

122 3363 123 3368 ἵ
185 3375 345 3454 »patriam
370 3388 449 3434 tuam
474 3375 553 3446 veni,
579 3376 662 3452 penis
688 3387 716 3434 to
741 3376 889 3434 canonicis
916 3377 1068 3436 inretitum
1092 3379 1142 3454 qui
1168 3378 1209 3458 (l)

184 3499 203 3532 >)
219 3477 357 3535 sanciunt
371 3477 534 3554 episcopm,
546 3475 686 3546 dominia,
703 3474 778 3535 bona
799 3488 829 3535 et
836 3475 904 3552 jura
917 3478 1044 3536 Ecclesie
1060 3497 1112 3537 sue
1127 3497 1213 3538 secu·

185 3599 202 3632 n
219 3577 331 3636 laribus
347 3589 453 3655 sponte
468 3577 619 3636 tradentes
632 3585 661 3636 et
672 3575 894 3648 submiotentes,
906 3577 944 3636 ab
956 3579 1212 3642 administratione
1250 3575 1256 3582 ’
1293 3643 1297 3653 ,

184 3678 418 3755 »spiritualium
440 3689 469 3738 et
490 3678 699 3758 temporalium
719 3679 848 3738 triennio
870 3681 934 3738 sore
959 3701 1133 3759 sospolum,
1155 3681 1212 3741 nisi

183 3803 201 3836 n
216 3800 251 3839 ex
268 3781 366 3840 verbis
382 3791 411 3840 et
426 3780 535 3839 lictrris
552 3780 609 3838 tuis
626 3790 654 3840 et
674 3781 804 3858 querelis
825 3781 1033 3858 frequentibus
1050 3784 1212 3844 intellexis-

215 4021 250 4082 (t)
269 4019 340 4069 Lisez
357 4021 423 4085 que?
