3088 4926
141 583 353 636 tractatumest
362 575 398 632 de
408 574 600 651 petitionibus
613 574 743 654 episcopi
755 587 784 635 et
797 579 1042 656 responsionibus
1055 582 1168 658 populi.

141 675 344 736 Suadentibus
360 684 460 734 etitem
476 676 613 754 pluribus
633 677 760 754 prelium
781 678 892 738 civitati
914 680 1116 749 indicendum,
1139 701 1171 740 uc

141 795 202 836 uuo
221 795 310 854 quem
326 796 360 836 ex
377 776 491 835 civibus
508 776 718 836 Leodiensibus
730 788 871 856 ceperant
883 799 1014 858 appenso
1030 781 1066 840 ud
1082 782 1172 852 urbo·

141 897 205 936 rem
223 877 391 956 proximam
410 895 445 936 eo
466 886 600 955 temporo
615 896 675 953 quo
698 881 811 958 legatus
832 899 899 938 cum
917 884 1057 960 episcopo
1075 901 1174 942 secre-

141 979 200 1037 tius
218 977 486 1054 conloquebantur,
507 977 639 1056 graviter
663 997 713 1037 eos
737 979 849 1058 legatus
867 983 1028 1060 increpuit,
1048 982 1174 1042 demon·

141 1089 240 1138 straus
258 1079 300 1138 eis
322 1098 458 1157 «paucos
478 1080 556 1156 ipsos
581 1088 682 1139 contra
707 1081 929 1143 multitudinem
945 1085 1173 1162 desperatorum

141 1198 202 1240 non
215 1179 364 1246 sufficere:
374 1190 460 1239 erant
471 1181 549 1238 enim
564 1181 693 1258 quicum
707 1184 846 1262 episcopo
856 1186 980 1245 eruntin
995 1196 1088 1246 toturn
1098 1186 1175 1246 forte

139 1281 195 1339 trie
218 1279 296 1339 milio
320 1278 455 1357 peditum
471 1289 500 1338 et
521 1281 667 1356 cqtritum,
683 1300 750 1340 cum
778 1294 874 1342 tamen
899 1286 977 1344 cives
999 1287 1093 1344 exteri
1113 1287 1174 1363 jem

125 1381 218 1458 ¹uucti
230 1391 330 1440 essent
340 1381 376 1439 ad
389 1395 549 1441 numerum
561 1381 663 1442 decern
673 1385 798 1454 milium;
809 1404 939 1462 quorum
952 1386 1053 1447 decem
1072 1399 1174 1448 contra

137 1481 244 1560 viginti
265 1481 387 1542 inruere
409 1501 469 1542 non
490 1483 699 1544 extimuisseut
721 1484 920 1547 obstinatione
942 1488 1045 1562 animi,
1066 1469 1198 1566 vixque·

138 1583 273 1662 potuisse
288 1584 417 1662 legatum
432 1583 510 1642 cives
524 1586 676 1645 continere
688 1585 726 1644 ab
741 1586 919 1664 irruptione.
934 1588 998 1648 »Ad
1013 1589 1068 1648 bec
1084 1591 1178 1666 quieti

138 1685 232 1744 animi
247 1683 316 1744 lacti
332 1695 402 1745 sunt
418 1704 537 1759 eorum,
552 1697 711 1764 actumque
730 1697 776 1748 cst
797 1700 830 1748 ut
846 1689 949 1750 exules
966 1691 1043 1750 ultre
1063 1689 1179 1750 flumen
1263 1765 1264 1768 Ἴ

139 1791 221 1847 Mose
242 1807 273 1848 se
297 1787 469 1862 traherent,
489 1809 571 1848 armo
587 1791 686 1849 omnin
709 1799 738 1848 ct
759 1791 863 1850 vexillu
884 1811 944 1851 non
966 1793 1105 1871 episcopo
1127 1793 1177 1852 sed

142 1891 239 1970 legato
270 1891 432 1966 traderent,
457 1891 494 1950 de
512 1891 682 1950 franchisiis
702 1904 730 1950 et
754 1893 902 1952 sexdecim
925 1905 1008 1953 extra
1030 1894 1179 1953 civitatem
1252 1878 1255 1882 ¹

141 1992 331 2052 dimictendis
350 2002 493 2066 tacerent,
513 2012 581 2052 cum
603 1996 738 2070 ipsorum
762 2013 821 2054 uon
843 2006 921 2055 esset
940 1995 1035 2074 legcrn
1056 1995 1178 2056 domino

145 2113 199 2153 suo
215 2092 383 2174 imponere

182 2197 343 2274 Regressus
368 2203 412 2254 est
436 2195 546 2255 iterum
576 2198 689 2275 legatus
719 2197 750 2255 in
780 2197 943 2269 civitatem,
977 2215 1177 2274 persuasurus
1190 2209 1257 2276 Redit
1272 2209 1355 2254 iterum
1367 2207 1389 2252 tn
1401 2206 1434 2251 ct-

142 2295 325 2375 populo'bcc
340 2296 439 2355 omnia
456 2315 511 2374 per
521 2298 639 2357 eosdem
656 2318 730 2377 quos
747 2319 837 2378 supra
858 2298 1049 2378 interpretes,
1064 2300 1176 2378 longis·
1202 2266 1435 2384 {isileiepfiieaiiiies

141 2397 219 2456 simo
244 2407 274 2456 et
300 2409 437 2457 scelerato
459 2417 606 2458 sermone.
630 2402 816 2478 Responsum
843 2409 909 2460 est:
933 2423 951 2457 u
972 2402 1015 2459 De
1034 2401 1125 2460 armis
1148 2413 1177 2459 et
1202 2383 1311 2443 episcopi.

142 2497 257 2556 vexillis
273 2497 366 2576 parati
383 2511 468 2557 erunt
482 2498 561 2576 opud
579 2500 709 2577 legatum
725 2501 755 2558 in
769 2501 947 2560 monasterio
963 2500 1175 2560 Sancti-lecobi

140 2597 309 2676 deponere,
324 2596 503 2675 obsidesque
519 2611 592 2676 quot
607 2619 734 2660 numero
746 2601 859 2679 legatus
873 2601 962 2661 vellet
976 2619 1029 2678 pro
1041 2599 1110 2660 fidei
1123 2601 1176 2660 ob-

138 2701 308 2761 servatione
323 2701 441 2760 tradere
455 2701 563 2780 legato,
575 2702 738 2762 mictcndos
755 2702 925 2778 ubicunque
940 2700 1063 2761 libuerit
1080 2701 1136 2760 sibi
1150 2723 1177 2760 u.

139 2800 197 2860 Sed
216 2801 271 2861 boc
286 2803 382 2880 legato
398 2813 426 2861 et
442 2802 503 2862 suis
517 2802 617 2861 amieis
634 2821 693 2862 non
709 2803 803 2861 visum
821 2812 866 2862 est
879 2814 1000 2862 cautum
1013 2813 1064 2862 eut
1077 2812 1176 2862 tutum

138 2921 214 2974 csse,
229 2913 325 2961 stante
340 2902 496 2980 utriusque
507 2901 680 2982 ¹dillidentia
701 2913 730 2962 et
747 2903 811 2963 loco
827 2903 999 2963 monasterii
1016 2904 1178 2976 inmunito,

137 3022 207 3063 crim
222 3002 261 3062 ob
283 3022 404 3081 parvam
425 3002 503 3062 sorte
523 3004 720 3082 suspitionem
740 3013 874 3064 exortem
894 3005 974 3064 inter
995 3004 1073 3064 cives
1096 3023 1177 3062 eruin

138 3124 195 3184 pro
211 3104 294 3163 libito
314 3123 420 3182 capere
435 3104 548 3184 (invitis
566 3106 705 3166 omnibus
729 3125 765 3166 cx
787 3106 979 3180 monasterio,
1000 3107 1089 3186 legati
1103 3108 1180 3168 resi-

140 3206 256 3284 dentia)
272 3208 452 3287 potuissent,
471 3207 553 3266 nullo
569 3208 734 3287 prohibere
746 3210 863 3268 valente
885 3209 950 3269 sinc
974 3209 1079 3269 mortis
1097 3211 1179 3288 peri-

140 3310 224 3381 culo;
247 3308 327 3385 quod
345 3309 441 3387 legato
462 3318 492 3368 ct
511 3308 650 3369 omnibus
669 3310 730 3369 suis
749 3309 909 3389 prohibere
928 3309 1097 3370 volentibus
1111 3311 1180 3368 irni-

140 3409 257 3470 nuisset
272 3409 323 3489 ll),
340 3410 409 3470 etsi
423 3410 563 3489 permissi
578 3411 676 3472 lorcnt
692 3429 773 3470 orma
790 3429 906 3490 capere,
928 3428 988 3469 nou
1011 3411 1075 3470 sine
1090 3411 1171 3488 leget

140 3511 297 3584 dedecore,
317 3512 425 3592 injurio
442 3522 472 3572 et
486 3513 606 3590 quercla
624 3511 704 3590 juste
723 3513 885 3573 multorum
904 3523 1003 3570 ectum
1019 3511 1111 3584 loret;
1127 3513 1178 3571 sed

140 3612 178 3671 ad
193 3611 249 3671 hoc
264 3610 435 3690 depositum
456 3625 514 3674 tem
529 3633 619 3692 greve
638 3613 766 3673 fideliter
785 3610 1024 3673 conservandum
1043 3623 1183 3690 oportere

140 3713 270 3791 aliquem
283 3734 381 3775 arcem
398 3717 545 3776 munitum
560 3717 592 3775 in
605 3735 662 3793 quu
677 3716 791 3796 legatus
808 3722 870 3775 tute
883 3733 951 3774 curn
963 3713 1101 3794 deposito
1117 3732 1172 3791 per

117 3831 264 3874 -suenere
280 3815 383 3894 possit.

176 4057 213 4121 (t)
231 4057 303 4108 bisce
313 4055 486 4110 inhibuisset?
