3088 4926
810 391 961 489 (¹08)

369 538 581 601 reliceeillandi
596 537 638 618 (1)
651 536 743 617 gratia
760 536 789 595 in
805 535 905 594 lectica
920 533 1091 596 deserebat:
1107 535 1208 613 sicque
1222 537 1399 614 interposita

369 641 536 717 aliquorum
559 641 675 700 dierum
696 654 777 696 mora
800 636 835 695 ad
858 635 923 696 illos
939 636 1134 714 inquirendos
1156 648 1190 697 ut
1212 638 1318 698 melius
1334 639 1400 699 lieri

369 750 498 818 peterat,
520 736 800 817 supervenientibus
826 754 946 814 quoque
969 736 1115 798 bellorum
1141 738 1314 799 turbinibus
1340 759 1400 818 que

320 834 325 838 ⁵
369 841 447 902 inlra
466 840 612 914 dicentur,
634 849 694 898 tam
716 849 798 897 atrox
824 837 919 895 scelus
935 836 1064 897 inultum
1080 855 1136 917 pro
1151 849 1222 898 tune
1237 841 1401 914 remansit3

114 1545 181 1592 Venit
204 1547 356 1592 marescalcus

140 1601 272 1664 Burgundio
304 1616 356 1650 eum

139 1661 229 1721 maguis
250 1661 358 1729 gentibus

139 1718 357 1786 etiugrodrturlcn·

139 1789 194 1834 gns.
259 1787 260 1790 ’

368 944 421 1003 sed
436 940 557 1002 demum
574 960 648 1021 pena
668 958 738 1000 suos
758 948 860 1015 sequte
877 937 995 997 sceleris
1010 950 1054 998 est
1068 950 1205 999 auctores
1220 941 1329 1016 passim
1346 959 1402 1018 per

369 1061 455 1122 agros
475 1041 635 1102 crudeliter
660 1041 864 1116 interemptos.
887 1039 1079 1116 Compertum
1104 1048 1151 1098 est
1173 1051 1273 1098 cutem
1298 1050 1399 1119 postea

370 1144 538 1204 Vieeutium
564 1145 661 1201 Buren
684 1140 752 1200 fieri
776 1138 881 1199 fecisse
903 1138 941 1198 ob
966 1158 1083 1200 eausam
1105 1139 1205 1199 fratris
1226 1142 1287 1214 sui,
1309 1159 1400 1217 quem

371 1243 512 1322 magister
525 1242 673 1303 Rcbcrtus
688 1241 719 1300 in
735 1238 952 1319 permutatione
967 1238 1119 1317 eujusdam
1141 1239 1291 1318 dignitatis
1314 1241 1400 1301 deee-

370 1351 454 1422 perat
468 1363 476 1402 :
492 1343 582 1419 idque
603 1343 760 1420 episeopus
781 1339 836 1400 sibi
858 1340 889 1399 iu
912 1339 1016 1399 laeiem
1038 1340 1121 1412 dixit,
1138 1350 1279 1417 presente
1293 1342 1400 1420 legato,

368 1462 428 1507 non
445 1443 509 1504 sine
523 1443 587 1521 ejus
604 1442 723 1514 rubore,
738 1440 805 1500 lieet
819 1440 1007 1500 excusatione
1020 1440 1086 1500 levi.

409 1545 478 1601 Dux
504 1541 674 1622 burgundie
700 1540 844 1598 adversus
868 1557 968 1618 regem
994 1557 1025 1599 se
1048 1539 1110 1599 suis
1138 1539 1278 1620 omuibus
1307 1542 1400 1620 copiis

370 1645 489 1702 munire
500 1643 635 1721 cupiens,
651 1649 806 1701 vocaverat
821 1641 901 1700 iuter
914 1639 986 1700 alius
1000 1640 1046 1700 sui
1061 1642 1209 1701 exereitus
1224 1642 1315 1702 duces
1329 1640 1400 1702 iusi-

369 1762 456 1821 gnem
470 1753 500 1802 et
512 1743 624 1802 clarum
640 1745 669 1801 in
685 1741 776 1800 armis
791 1741 914 1800 militem
928 1740 1131 1802 Tbecbaldum
1143 1741 1180 1802 de
1191 1743 1400 1814 Novo-Castro,

370 1842 494 1903 duratus
514 1842 685 1920 Burgundie
703 1840 912 1902 marescalcum
929 1823 1048 1918 (billio
1068 1860 1136 1901 eum
1158 1843 1240 1902 omni
1262 1845 1399 1922 burgun-

368 1944 476 2005 dorum
492 1942 635 2018 exercitu,
653 1943 791 2020 Phiiippo
811 1942 848 2001 de
865 1941 1009 2001 Subaudiu
1025 1943 1066 2022 (5)
1080 1961 1148 2003 euru
1164 1943 1283 2004 duobus
1298 1944 1399 2004 iratri-

369 2045 424 2104 bus
446 2057 475 2104 et
498 2044 689 2120 Allobrogum
711 2045 751 2122 tl)
774 2035 905 2104 exercitu
926 2063 1028 2104 seeum
1049 2045 1273 2119 comitantibus,
1297 2047 1399 2108 multis

368 2165 488 2224 quoque
512 2145 646 2206 finitimis
667 2145 795 2204 dominis
816 2145 916 2204 amieis
937 2165 1004 2204 eum
1024 2164 1127 2206 eorum
1141 2147 1296 2224 gentibus,
1311 2148 1396 2225 jussu

369 2247 452 2307 ducis
475 2266 529 2325 per
550 2247 688 2307 ducat-um
711 2247 966 2306 Namureenseum
984 2244 1026 2325 (5)
1047 2247 1225 2307 Pioeardiam
1246 2249 1399 2327 petebant,

370 2347 421 2407 ubi
448 2347 508 2406 dux
536 2365 603 2405 eum
633 2347 748 2422 reliquo
773 2365 827 2406 suo
852 2347 984 2406 exercitu
1009 2346 1282 2407 castrametabatur.
1306 2351 1399 2408 Erant

369 2458 468 2506 autem
484 2465 552 2506 cum
568 2448 753 2517 marescalco,
770 2457 802 2506 ut
820 2446 986 2520 sumserat,
1001 2447 1134 2523 equitum
1150 2447 1345 2525 peditumque
1362 2451 1399 2510 ad

369 2569 530 2612 numerum
549 2549 654 2630 viginti
674 2549 800 2610 milium.
817 2550 1063 2620 iticinascoam
1082 2548 1233 2610 audissent
1253 2551 1398 2611 insultum

369 2653 495 2730 Tungris
525 2652 633 2710 laetum
659 2671 675 2710 a
701 2649 926 2723 leodiensibus,
951 2658 981 2708 et
1004 2650 1177 2727 episcopum
1206 2650 1399 2712 Lecdiensem

312 2769 314 2772 ·
369 2753 467 2830 primo
479 2760 641 2827 mortuum,
655 2761 755 2830 postea
768 2759 887 2827 captum
899 2769 914 2808 a
926 2748 1137 2809 leodiensibus
1150 2750 1250 2810 multis
1264 2751 1400 2812 releren-

369 2853 459 2926 tibus,
475 2853 537 2912 sive
552 2861 658 2931 sponte
673 2852 734 2910 sive
750 2851 833 2910 ducis
847 2849 934 2928 jussu
949 2850 1095 2910 incertum
1107 2860 1162 2922 est,
1173 2851 1277 2911 relicto
1290 2851 1400 2912 itinere

403 3157 438 3221 (l)
457 3157 530 3206 Lisez
541 3156 725 3220 refocillandi.'
1263 3199 1266 3202 Α

403 3241 440 3306 (d)
455 3242 564 3292 Thibaut
576 3242 615 3302 lll,
628 3229 746 3305 seigneur
760 3243 791 3292 de
803 3243 961 3306 Neulebatel,
974 3242 1098 3294 marcebat
1110 3250 1135 3294 et
1146 3245 1214 3294 bailli
1227 3245 1261 3296 du
1273 3245 1357 3296 comte
1368 3245 1402 3296 de

371 3329 530 3394 Bourgogne,
547 3335 649 3377 mourut
667 3342 698 3378 eu
722 3327 800 3390 tt693
820 3328 837 3376 il
856 3329 922 3378 avait
939 3328 1033 3392 sponse
1047 3329 1129 3379 Bcuue
1146 3330 1178 3380 de
1195 3329 1402 3382 Chateauvillain.

371 3416 491 3479 (Monam,
504 3417 579 3464 verbo
592 3414 779 3479 Neuselteslel.)

402 3501 438 3563 (ὅ)
455 3500 568 3562 Puttippe
592 3500 629 3560 ll,
648 3500 685 3550 dit
704 3501 766 3551 Sans
787 3507 866 3560 terre,
885 3500 935 3550 duc
955 3500 987 3550 de
1006 3501 1106 3561 savoie,
1125 3501 1243 3552 l'ennemi
1261 3503 1352 3553 mortel
1369 3504 1403 3554 de

369 3583 446 3635 Leuis
463 3584 505 3634 tlt.
522 3585 554 3634 ll.
572 3586 665 3648 Estrup
684 3586 730 3635 tait
746 3599 894 3649 remarquer
905 3598 968 3649 que,
980 3586 1079 3650 d'apres
1090 3586 1242 3649 commines,
1252 3601 1313 3638 sens
1324 3589 1403 3640 doute

370 3670 456 3720 uaiaux
473 3660 607 3734 reuseigne
624 3683 668 3719 sur
685 3684 713 3721 ce
731 3673 801 3733 point
820 3671 993 3737 qu'onatrtus,
1005 3671 1042 3722 les
1053 3673 1184 3736 seigneurs
1199 3673 1360 3726 mentienuds
1371 3675 1403 3726 ici
1503 3669 1508 3672 ’

371 3755 467 3806 etaient
478 3755 534 3817 de'ji
546 3757 560 3805 'a
572 3757 693 3806 Pe'rcnne.
1077 3759 1079 3764 ’

403 3841 440 3904 (l)
457 3841 505 3891 Les
516 3841 664 3904 Savopards.

405 3930 440 3993 (5)
460 3931 532 3980 Lisez
543 3929 757 3982 Namurecnsem.
