<?xml version="1.0" encoding="UTF-8"?>
<!DOCTYPE html PUBLIC "-//W3C//DTD XHTML 1.0 Transitional//EN"
    "http://www.w3.org/TR/xhtml1/DTD/xhtml1-transitional.dtd">
<html xmlns="http://www.w3.org/1999/xhtml" xml:lang="en" lang="en">
 <head>
  <title>
</title>
<meta http-equiv="Content-Type" content="text/html;charset=utf-8" />
  <meta name='ocr-system' content='tesseract 3.04.00' />
  <meta name='ocr-capabilities' content='ocr_page ocr_carea ocr_par ocr_line ocrx_word'/>
</head>
<body>
  <div class='ocr_page' id='page_1' title='image "./mmoiredulgatonu00bormgoog_0192.png"; bbox 0 0 3126 4906; ppageno 0'>
   <div class='ocr_carea' id='block_1_1' title="bbox 598 463 752 561">
    <p class='ocr_par' dir='ltr' id='par_1_1' title="bbox 598 463 752 561">
     <span class='ocr_line' id='line_1_1' title="bbox 598 463 752 561; baseline 0.006 -24"><span class='ocrx_word' id='word_1_1' title='bbox 598 463 752 561; x_wconf 77' lang='lat' dir='ltr'><strong>(tta)</strong></span> 
     </span>
    </p>
   </div>
   <div class='ocr_carea' id='block_1_2' title="bbox 159 603 1199 2802">
    <p class='ocr_par' dir='ltr' id='par_1_2' title="bbox 159 603 1199 2802">
     <span class='ocr_line' id='line_1_2' title="bbox 160 603 1192 686; baseline 0.006 -22"><span class='ocrx_word' id='word_1_2' title='bbox 160 605 328 682; x_wconf 76' lang='lat' dir='ltr'><strong>appelles»</strong></span> <span class='ocrx_word' id='word_1_3' title='bbox 349 603 508 678; x_wconf 84' lang='lat' dir='ltr'><strong>(vocabant</strong></span> <span class='ocrx_word' id='word_1_4' title='bbox 527 605 607 663; x_wconf 87' lang='lat' dir='ltr'><strong>enlm</strong></span> <span class='ocrx_word' id='word_1_5' title='bbox 628 621 697 663; x_wconf 89' lang='lat' dir='ltr'><strong>eum</strong></span> <span class='ocrx_word' id='word_1_6' title='bbox 719 605 900 682; x_wconf 77' lang='lat' dir='ltr'><strong>magistrum</strong></span> <span class='ocrx_word' id='word_1_7' title='bbox 923 605 1087 684; x_wconf 80' lang='lat' dir='ltr'><strong>Arnela&#39;um,</strong></span> <span class='ocrx_word' id='word_1_8' title='bbox 1110 608 1192 686; x_wconf 88' lang='lat' dir='ltr'><strong>quod</strong></span> 
     </span>
     <span class='ocr_line' id='line_1_3' title="bbox 161 703 1189 786; baseline 0.002 -20"><span class='ocrx_word' id='word_1_9' title='bbox 161 705 352 782; x_wconf 79' lang='lat' dir='ltr'><strong>magistratus</strong></span> <span class='ocrx_word' id='word_1_10' title='bbox 375 721 484 764; x_wconf 89' lang='lat' dir='ltr'><strong>nomen</strong></span> <span class='ocrx_word' id='word_1_11' title='bbox 507 703 660 782; x_wconf 88' lang='lat' dir='ltr'><strong>Burgundi</strong></span> <span class='ocrx_word' id='word_1_12' title='bbox 683 705 811 764; x_wconf 79' lang='lat' dir='ltr'><strong>maxime</strong></span> <span class='ocrx_word' id='word_1_13' title='bbox 824 706 1028 786; x_wconf 85' lang='lat' dir='ltr'><strong>dampnabant</strong></span> <span class='ocrx_word' id='word_1_14' title='bbox 1042 707 1080 768; x_wconf 93' lang='lat' dir='ltr'><strong>ob</strong></span> <span class='ocrx_word' id='word_1_15' title='bbox 1094 710 1189 786; x_wconf 88' lang='lat' dir='ltr'><strong>legem</strong></span> 
     </span>
     <span class='ocr_line' id='line_1_4' title="bbox 159 803 1191 885; baseline 0.003 -19"><span class='ocrx_word' id='word_1_16' title='bbox 159 805 373 866; x_wconf 76' lang='lat' dir='ltr'><strong>leodiensibus</strong></span> <span class='ocrx_word' id='word_1_17' title='bbox 388 803 425 862; x_wconf 87' lang='lat' dir='ltr'><strong>dc</strong></span> <span class='ocrx_word' id='word_1_18' title='bbox 446 803 606 865; x_wconf 77' lang='lat' dir='ltr'><strong>abolitione</strong></span> <span class='ocrx_word' id='word_1_19' title='bbox 629 807 855 884; x_wconf 72' lang='lat' dir='ltr'><strong>magistratuum</strong></span> <span class='ocrx_word' id='word_1_20' title='bbox 871 807 994 885; x_wconf 88' lang='lat' dir='ltr'><strong>datam);</strong></span> <span class='ocrx_word' id='word_1_21' title='bbox 1010 807 1046 867; x_wconf 90' lang='lat' dir='ltr'><strong>ad</strong></span> <span class='ocrx_word' id='word_1_22' title='bbox 1061 807 1191 869; x_wconf 88' lang='lat' dir='ltr'><strong>hecres-</strong></span> 
     </span>
     <span class='ocr_line' id='line_1_5' title="bbox 161 904 1193 988; baseline 0.003 -22"><span class='ocrx_word' id='word_1_23' title='bbox 161 905 267 986; x_wconf 90' lang='lat' dir='ltr'><strong>pondit</strong></span> <span class='ocrx_word' id='word_1_24' title='bbox 287 904 453 965; x_wconf 79' lang='lat' dir='ltr'><strong>Amulius«</strong></span> <span class='ocrx_word' id='word_1_25' title='bbox 473 923 505 965; x_wconf 88' lang='lat' dir='ltr'><strong>se</strong></span> <span class='ocrx_word' id='word_1_26' title='bbox 524 905 643 964; x_wconf 93' lang='lat' dir='ltr'><strong>comuni</strong></span> <span class='ocrx_word' id='word_1_27' title='bbox 659 905 795 979; x_wconf 89' lang='lat' dir='ltr'><strong>nomine,</strong></span> <span class='ocrx_word' id='word_1_28' title='bbox 813 907 902 966; x_wconf 90' lang='lat' dir='ltr'><strong>etiam</strong></span> <span class='ocrx_word' id='word_1_29' title='bbox 922 907 987 968; x_wconf 88' lang='lat' dir='ltr'><strong>sinc</strong></span> <span class='ocrx_word' id='word_1_30' title='bbox 1010 909 1193 988; x_wconf 87' lang='lat' dir='ltr'><strong>magistratu,</strong></span> 
     </span>
     <span class='ocr_line' id='line_1_6' title="bbox 159 1003 1194 1085; baseline 0.003 -18"><span class='ocrx_word' id='word_1_31' title='bbox 159 1007 197 1067; x_wconf 85' lang='lat' dir='ltr'><strong>ab</strong></span> <span class='ocrx_word' id='word_1_32' title='bbox 212 1003 353 1066; x_wconf 87' lang='lat' dir='ltr'><strong>omnibus</strong></span> <span class='ocrx_word' id='word_1_33' title='bbox 365 1005 544 1084; x_wconf 75' lang='lat' dir='ltr'><strong>magistrum</strong></span> <span class='ocrx_word' id='word_1_34' title='bbox 561 1003 712 1068; x_wconf 77' lang='lat' dir='ltr'><strong>Aurelium</strong></span> <span class='ocrx_word' id='word_1_35' title='bbox 725 1007 878 1085; x_wconf 86' lang='lat' dir='ltr'><strong>appellari,</strong></span> <span class='ocrx_word' id='word_1_36' title='bbox 894 1026 953 1068; x_wconf 92' lang='lat' dir='ltr'><strong>non</strong></span> <span class='ocrx_word' id='word_1_37' title='bbox 966 1018 1069 1069; x_wconf 86' lang='lat' dir='ltr'><strong>contra</strong></span> <span class='ocrx_word' id='word_1_38' title='bbox 1085 1009 1194 1070; x_wconf 75' lang='lat' dir='ltr'><strong>sederis</strong></span> 
     </span>
     <span class='ocr_line' id='line_1_7' title="bbox 160 1106 1195 1188; baseline 0.004 -21"><span class='ocrx_word' id='word_1_39' title='bbox 160 1108 259 1187; x_wconf 88' lang='lat' dir='ltr'><strong>legem</strong></span> <span class='ocrx_word' id='word_1_40' title='bbox 272 1126 299 1164; x_wconf 74' lang='lat' dir='ltr'><strong>n,</strong></span> <span class='ocrx_word' id='word_1_41' title='bbox 316 1108 449 1166; x_wconf 87' lang='lat' dir='ltr'><strong>Rursum</strong></span> <span class='ocrx_word' id='word_1_42' title='bbox 464 1106 654 1167; x_wconf 81' lang='lat' dir='ltr'><strong>marescallus</strong></span> <span class='ocrx_word' id='word_1_43' title='bbox 670 1107 798 1184; x_wconf 88' lang='lat' dir='ltr'><strong>legatum</strong></span> <span class='ocrx_word' id='word_1_44' title='bbox 814 1108 984 1188; x_wconf 89' lang='lat' dir='ltr'><strong>interogans</strong></span> <span class='ocrx_word' id='word_1_45' title='bbox 999 1131 1017 1166; x_wconf 81' lang='lat' dir='ltr'><strong>a</strong></span> <span class='ocrx_word' id='word_1_46' title='bbox 1032 1129 1070 1169; x_wconf 89' lang='lat' dir='ltr'><strong>an</strong></span> <span class='ocrx_word' id='word_1_47' title='bbox 1086 1111 1137 1187; x_wconf 86' lang='lat' dir='ltr'><strong>qui</strong></span> <span class='ocrx_word' id='word_1_48' title='bbox 1152 1111 1195 1188; x_wconf 75' lang='lat' dir='ltr'><strong>(l)</strong></span> 
     </span>
     <span class='ocr_line' id='line_1_8' title="bbox 159 1207 1195 1287; baseline 0.002 -19"><span class='ocrx_word' id='word_1_49' title='bbox 159 1209 216 1270; x_wconf 87' lang='lat' dir='ltr'><strong>sihi</strong></span> <span class='ocrx_word' id='word_1_50' title='bbox 236 1209 335 1268; x_wconf 87' lang='lat' dir='ltr'><strong>dicere</strong></span> <span class='ocrx_word' id='word_1_51' title='bbox 355 1209 485 1286; x_wconf 86' lang='lat' dir='ltr'><strong>placeret</strong></span> <span class='ocrx_word' id='word_1_52' title='bbox 500 1228 528 1282; x_wconf 84' lang='lat' dir='ltr'><strong>n,</strong></span> <span class='ocrx_word' id='word_1_53' title='bbox 543 1225 610 1266; x_wconf 84' lang='lat' dir='ltr'><strong>curn</strong></span> <span class='ocrx_word' id='word_1_54' title='bbox 632 1207 746 1287; x_wconf 87' lang='lat' dir='ltr'><strong>legatus</strong></span> <span class='ocrx_word' id='word_1_55' title='bbox 760 1207 963 1286; x_wconf 84' lang='lat' dir='ltr'><strong>respondisset</strong></span> <span class='ocrx_word' id='word_1_56' title='bbox 978 1232 995 1268; x_wconf 81' lang='lat' dir='ltr'><strong>a</strong></span> <span class='ocrx_word' id='word_1_57' title='bbox 1010 1229 1042 1270; x_wconf 87' lang='lat' dir='ltr'><strong>se</strong></span> <span class='ocrx_word' id='word_1_58' title='bbox 1057 1210 1100 1270; x_wconf 90' lang='lat' dir='ltr'><strong>nil</strong></span> <span class='ocrx_word' id='word_1_59' title='bbox 1113 1210 1195 1270; x_wconf 89' lang='lat' dir='ltr'><strong>aliud</strong></span> 
     </span>
     <span class='ocr_line' id='line_1_9' title="bbox 160 1309 1194 1387; baseline 0.003 -18"><span class='ocrx_word' id='word_1_60' title='bbox 160 1311 237 1370; x_wconf 88' lang='lat' dir='ltr'><strong>vello</strong></span> <span class='ocrx_word' id='word_1_61' title='bbox 251 1309 360 1384; x_wconf 86' lang='lat' dir='ltr'><strong>dicere,</strong></span> <span class='ocrx_word' id='word_1_62' title='bbox 371 1327 439 1368; x_wconf 90' lang='lat' dir='ltr'><strong>cum</strong></span> <span class='ocrx_word' id='word_1_63' title='bbox 452 1309 540 1387; x_wconf 88' lang='lat' dir='ltr'><strong>legati</strong></span> <span class='ocrx_word' id='word_1_64' title='bbox 552 1309 729 1369; x_wconf 88' lang='lat' dir='ltr'><strong>Leodienses</strong></span> <span class='ocrx_word' id='word_1_65' title='bbox 743 1309 813 1369; x_wconf 90' lang='lat' dir='ltr'><strong>satis</strong></span> <span class='ocrx_word' id='word_1_66' title='bbox 825 1321 955 1370; x_wconf 87' lang='lat' dir='ltr'><strong>mentem</strong></span> <span class='ocrx_word' id='word_1_67' title='bbox 970 1311 1081 1371; x_wconf 89' lang='lat' dir='ltr'><strong>civium</strong></span> <span class='ocrx_word' id='word_1_68' title='bbox 1096 1311 1194 1372; x_wconf 87' lang='lat' dir='ltr'><strong>decla-</strong></span> 
     </span>
     <span class='ocr_line' id='line_1_10' title="bbox 161 1410 1195 1492; baseline -0.001 -19"><span class='ocrx_word' id='word_1_69' title='bbox 161 1423 278 1473; x_wconf 87' lang='lat' dir='ltr'><strong>rassent</strong></span> <span class='ocrx_word' id='word_1_70' title='bbox 307 1423 338 1471; x_wconf 89' lang='lat' dir='ltr'><strong>et</strong></span> <span class='ocrx_word' id='word_1_71' title='bbox 363 1411 479 1489; x_wconf 88' lang='lat' dir='ltr'><strong>justitie</strong></span> <span class='ocrx_word' id='word_1_72' title='bbox 507 1430 539 1471; x_wconf 87' lang='lat' dir='ltr'><strong>se</strong></span> <span class='ocrx_word' id='word_1_73' title='bbox 567 1410 793 1485; x_wconf 87' lang='lat' dir='ltr'><strong>submictcrcnt,</strong></span> <span class='ocrx_word' id='word_1_74' title='bbox 815 1411 866 1472; x_wconf 86' lang='lat' dir='ltr'><strong>sed</strong></span> <span class='ocrx_word' id='word_1_75' title='bbox 892 1429 1003 1491; x_wconf 88' lang='lat' dir='ltr'><strong>cupere</strong></span> <span class='ocrx_word' id='word_1_76' title='bbox 1028 1412 1195 1492; x_wconf 89' lang='lat' dir='ltr'><strong>intelligere</strong></span> 
     </span>
     <span class='ocr_line' id='line_1_11' title="bbox 161 1512 1193 1595; baseline 0.001 -20"><span class='ocrx_word' id='word_1_77' title='bbox 161 1513 243 1595; x_wconf 90' lang='lat' dir='ltr'><strong>quod</strong></span> <span class='ocrx_word' id='word_1_78' title='bbox 257 1515 321 1591; x_wconf 88' lang='lat' dir='ltr'><strong>ipse</strong></span> <span class='ocrx_word' id='word_1_79' title='bbox 336 1512 451 1573; x_wconf 82' lang='lat' dir='ltr'><strong>Amelio</strong></span> <span class='ocrx_word' id='word_1_80' title='bbox 465 1530 644 1590; x_wconf 87' lang='lat' dir='ltr'><strong>responsum</strong></span> <span class='ocrx_word' id='word_1_81' title='bbox 661 1512 745 1572; x_wconf 89' lang='lat' dir='ltr'><strong>daret</strong></span> <span class='ocrx_word' id='word_1_82' title='bbox 757 1533 785 1579; x_wconf 77' lang='lat' dir='ltr'><strong>u,</strong></span> <span class='ocrx_word' id='word_1_83' title='bbox 797 1513 901 1574; x_wconf 87' lang='lat' dir='ltr'><strong>eudem</strong></span> <span class='ocrx_word' id='word_1_84' title='bbox 918 1515 1005 1575; x_wconf 92' lang='lat' dir='ltr'><strong>modo</strong></span> <span class='ocrx_word' id='word_1_85' title='bbox 1020 1515 1193 1594; x_wconf 89' lang='lat' dir='ltr'><strong>episcopum</strong></span> 
     </span>
     <span class='ocr_line' id='line_1_12' title="bbox 161 1613 1194 1697; baseline 0 -21"><span class='ocrx_word' id='word_1_86' title='bbox 161 1614 341 1695; x_wconf 81' lang='lat' dir='ltr'><strong>interogavit</strong></span> <span class='ocrx_word' id='word_1_87' title='bbox 356 1635 374 1672; x_wconf 83' lang='lat' dir='ltr'><strong>o</strong></span> <span class='ocrx_word' id='word_1_88' title='bbox 389 1633 426 1673; x_wconf 91' lang='lat' dir='ltr'><strong>an</strong></span> <span class='ocrx_word' id='word_1_89' title='bbox 446 1614 534 1674; x_wconf 87' lang='lat' dir='ltr'><strong>etiam</strong></span> <span class='ocrx_word' id='word_1_90' title='bbox 554 1613 618 1692; x_wconf 90' lang='lat' dir='ltr'><strong>ipse</strong></span> <span class='ocrx_word' id='word_1_91' title='bbox 640 1613 751 1690; x_wconf 89' lang='lat' dir='ltr'><strong>aliquid</strong></span> <span class='ocrx_word' id='word_1_92' title='bbox 766 1613 855 1674; x_wconf 87' lang='lat' dir='ltr'><strong>vellet</strong></span> <span class='ocrx_word' id='word_1_93' title='bbox 873 1613 972 1675; x_wconf 89' lang='lat' dir='ltr'><strong>dicere</strong></span> <span class='ocrx_word' id='word_1_94' title='bbox 987 1635 1020 1689; x_wconf 81' lang='lat'><strong>»3</strong></span> <span class='ocrx_word' id='word_1_95' title='bbox 1036 1626 1108 1676; x_wconf 91' lang='lat' dir='ltr'><strong>tunc</strong></span> <span class='ocrx_word' id='word_1_96' title='bbox 1129 1617 1194 1697; x_wconf 90' lang='lat' dir='ltr'><strong>epi·</strong></span> 
     </span>
     <span class='ocr_line' id='line_1_13' title="bbox 161 1712 1194 1796; baseline -0.002 -19"><span class='ocrx_word' id='word_1_97' title='bbox 161 1734 269 1796; x_wconf 90' lang='lat' dir='ltr'><strong>scopus</strong></span> <span class='ocrx_word' id='word_1_98' title='bbox 280 1715 351 1776; x_wconf 89' lang='lat' dir='ltr'><strong>satis</strong></span> <span class='ocrx_word' id='word_1_99' title='bbox 363 1714 527 1792; x_wconf 90' lang='lat' dir='ltr'><strong>composite</strong></span> <span class='ocrx_word' id='word_1_100' title='bbox 537 1712 639 1792; x_wconf 84' lang='lat' dir='ltr'><strong>gallice</strong></span> <span class='ocrx_word' id='word_1_101' title='bbox 651 1712 776 1790; x_wconf 93' lang='lat' dir='ltr'><strong>loquens</strong></span> <span class='ocrx_word' id='word_1_102' title='bbox 788 1731 795 1772; x_wconf 75' lang='grc' dir='ltr'><strong>ε</strong></span> <span class='ocrx_word' id='word_1_103' title='bbox 805 1735 823 1772; x_wconf 79' lang='lat' dir='ltr'><strong>o</strong></span> <span class='ocrx_word' id='word_1_104' title='bbox 835 1713 882 1786; x_wconf 87' lang='lat' dir='ltr'><strong>Hi,</strong></span> <span class='ocrx_word' id='word_1_105' title='bbox 893 1713 1000 1792; x_wconf 85' lang='lat' dir='ltr'><strong>inquit,</strong></span> <span class='ocrx_word' id='word_1_106' title='bbox 1012 1716 1071 1777; x_wconf 89' lang='lat' dir='ltr'><strong>mei</strong></span> <span class='ocrx_word' id='word_1_107' title='bbox 1083 1715 1194 1776; x_wconf 87' lang='lat' dir='ltr'><strong>subditi</strong></span> 
     </span>
     <span class='ocr_line' id='line_1_14' title="bbox 163 1812 1196 1878; baseline 0 -2"><span class='ocrx_word' id='word_1_108' title='bbox 163 1841 181 1876; x_wconf 90' lang='lat'>»</span> <span class='ocrx_word' id='word_1_109' title='bbox 203 1826 273 1878; x_wconf 89' lang='lat' dir='ltr'><strong>sunt</strong></span> <span class='ocrx_word' id='word_1_110' title='bbox 294 1826 325 1876; x_wconf 87' lang='lat' dir='ltr'><strong>et</strong></span> <span class='ocrx_word' id='word_1_111' title='bbox 345 1833 449 1875; x_wconf 84' lang='lat' dir='ltr'><strong>eorum</strong></span> <span class='ocrx_word' id='word_1_112' title='bbox 472 1833 520 1875; x_wconf 88' lang='lat' dir='ltr'><strong>me</strong></span> <span class='ocrx_word' id='word_1_113' title='bbox 534 1812 646 1873; x_wconf 88' lang='lat' dir='ltr'><strong>habere</strong></span> <span class='ocrx_word' id='word_1_114' title='bbox 666 1831 769 1872; x_wconf 87' lang='lat' dir='ltr'><strong>euram</strong></span> <span class='ocrx_word' id='word_1_115' title='bbox 792 1832 912 1873; x_wconf 87' lang='lat' dir='ltr'><strong>neeesse</strong></span> <span class='ocrx_word' id='word_1_116' title='bbox 933 1825 979 1875; x_wconf 88' lang='lat' dir='ltr'><strong>est</strong></span> <span class='ocrx_word' id='word_1_117' title='bbox 1002 1833 1036 1876; x_wconf 87' lang='lat' dir='ltr'><strong>ac</strong></span> <span class='ocrx_word' id='word_1_118' title='bbox 1059 1828 1196 1877; x_wconf 84' lang='lat' dir='ltr'><strong>evertere</strong></span> 
     </span>
     <span class='ocr_line' id='line_1_15' title="bbox 164 1914 1196 1994; baseline 0 -18"><span class='ocrx_word' id='word_1_119' title='bbox 164 1941 181 1976; x_wconf 81' lang='lat' dir='ltr'><strong>n</strong></span> <span class='ocrx_word' id='word_1_120' title='bbox 204 1917 294 1978; x_wconf 87' lang='lat' dir='ltr'><strong>abeis</strong></span> <span class='ocrx_word' id='word_1_121' title='bbox 315 1916 402 1987; x_wconf 87' lang='lat' dir='ltr'><strong>maia,</strong></span> <span class='ocrx_word' id='word_1_122' title='bbox 417 1923 573 1994; x_wconf 86' lang='lat' dir='ltr'><strong>postquam</strong></span> <span class='ocrx_word' id='word_1_123' title='bbox 595 1914 651 1993; x_wconf 92' lang='lat' dir='ltr'><strong>ipsi</strong></span> <span class='ocrx_word' id='word_1_124' title='bbox 669 1914 786 1992; x_wconf 89' lang='lat' dir='ltr'><strong>justitie</strong></span> <span class='ocrx_word' id='word_1_125' title='bbox 805 1923 833 1973; x_wconf 88' lang='lat' dir='ltr'><strong>et</strong></span> <span class='ocrx_word' id='word_1_126' title='bbox 849 1914 936 1974; x_wconf 91' lang='lat' dir='ltr'><strong>nobis</strong></span> <span class='ocrx_word' id='word_1_127' title='bbox 948 1914 1066 1975; x_wconf 90' lang='lat' dir='ltr'><strong>duobus</strong></span> <span class='ocrx_word' id='word_1_128' title='bbox 1080 1935 1112 1976; x_wconf 89' lang='lat' dir='ltr'><strong>se</strong></span> <span class='ocrx_word' id='word_1_129' title='bbox 1125 1916 1196 1976; x_wconf 87' lang='lat' dir='ltr'><strong>sub·</strong></span> 
     </span>
     <span class='ocr_line' id='line_1_16' title="bbox 164 2015 1197 2098; baseline 0.001 -21"><span class='ocrx_word' id='word_1_130' title='bbox 164 2044 182 2078; x_wconf 76' lang='lat' dir='ltr'><strong>u</strong></span> <span class='ocrx_word' id='word_1_131' title='bbox 205 2022 339 2081; x_wconf 86' lang='lat' dir='ltr'><strong>mictunt.</strong></span> <span class='ocrx_word' id='word_1_132' title='bbox 363 2021 445 2098; x_wconf 85' lang='lat' dir='ltr'><strong>Rogo</strong></span> <span class='ocrx_word' id='word_1_133' title='bbox 465 2018 613 2077; x_wconf 85' lang='lat' dir='ltr'><strong>illustrem</strong></span> <span class='ocrx_word' id='word_1_134' title='bbox 627 2015 784 2076; x_wconf 90' lang='lat' dir='ltr'><strong>dominum</strong></span> <span class='ocrx_word' id='word_1_135' title='bbox 799 2017 904 2076; x_wconf 88' lang='lat' dir='ltr'><strong>duecm</strong></span> <span class='ocrx_word' id='word_1_136' title='bbox 920 2017 971 2093; x_wconf 92' lang='lat' dir='ltr'><strong>qui</strong></span> <span class='ocrx_word' id='word_1_137' title='bbox 985 2017 1094 2078; x_wconf 86' lang='lat' dir='ltr'><strong>absens</strong></span> <span class='ocrx_word' id='word_1_138' title='bbox 1108 2025 1197 2078; x_wconf 87' lang='lat' dir='ltr'><strong>estet</strong></span> 
     </span>
     <span class='ocr_line' id='line_1_17' title="bbox 165 2117 1195 2197; baseline 0.001 -18"><span class='ocrx_word' id='word_1_139' title='bbox 165 2145 182 2179; x_wconf 77' lang='lat' dir='ltr'><strong>n</strong></span> <span class='ocrx_word' id='word_1_140' title='bbox 205 2140 256 2183; x_wconf 90' lang='lat' dir='ltr'><strong>vos</strong></span> <span class='ocrx_word' id='word_1_141' title='bbox 270 2139 375 2182; x_wconf 91' lang='lat' dir='ltr'><strong>omnes</strong></span> <span class='ocrx_word' id='word_1_142' title='bbox 398 2120 449 2197; x_wconf 90' lang='lat' dir='ltr'><strong>qui</strong></span> <span class='ocrx_word' id='word_1_143' title='bbox 469 2118 535 2196; x_wconf 80' lang='lat' dir='ltr'><strong>ejus</strong></span> <span class='ocrx_word' id='word_1_144' title='bbox 558 2118 680 2178; x_wconf 87' lang='lat' dir='ltr'><strong>nomine</strong></span> <span class='ocrx_word' id='word_1_145' title='bbox 701 2117 750 2176; x_wconf 87' lang='lat' dir='ltr'><strong>hic</strong></span> <span class='ocrx_word' id='word_1_146' title='bbox 769 2127 923 2196; x_wconf 85' lang='lat' dir='ltr'><strong>presentes</strong></span> <span class='ocrx_word' id='word_1_147' title='bbox 945 2118 1028 2194; x_wconf 85' lang='lat' dir='ltr'><strong>estis,</strong></span> <span class='ocrx_word' id='word_1_148' title='bbox 1043 2129 1195 2180; x_wconf 89' lang='lat' dir='ltr'><strong>uteorum</strong></span> 
     </span>
     <span class='ocr_line' id='line_1_18' title="bbox 166 2218 1196 2302; baseline 0 -24"><span class='ocrx_word' id='word_1_149' title='bbox 166 2245 183 2279; x_wconf 76' lang='lat' dir='ltr'><strong>n</strong></span> <span class='ocrx_word' id='word_1_150' title='bbox 207 2223 364 2302; x_wconf 84' lang='lat' dir='ltr'><strong>petitiones</strong></span> <span class='ocrx_word' id='word_1_151' title='bbox 385 2229 416 2280; x_wconf 89' lang='lat' dir='ltr'><strong>et</strong></span> <span class='ocrx_word' id='word_1_152' title='bbox 440 2218 604 2280; x_wconf 89' lang='lat' dir='ltr'><strong>oblationes</strong></span> <span class='ocrx_word' id='word_1_153' title='bbox 629 2227 714 2298; x_wconf 85' lang='lat' dir='ltr'><strong>grato</strong></span> <span class='ocrx_word' id='word_1_154' title='bbox 740 2219 840 2279; x_wconf 90' lang='lat' dir='ltr'><strong>animo</strong></span> <span class='ocrx_word' id='word_1_155' title='bbox 864 2220 1042 2298; x_wconf 85' lang='lat' dir='ltr'><strong>suscipiatis,</strong></span> <span class='ocrx_word' id='word_1_156' title='bbox 1062 2238 1138 2280; x_wconf 87' lang='lat' dir='ltr'><strong>nere</strong></span> <span class='ocrx_word' id='word_1_157' title='bbox 1159 2219 1196 2280; x_wconf 88' lang='lat' dir='ltr'><strong>ad</strong></span> 
     </span>
     <span class='ocr_line' id='line_1_19' title="bbox 166 2319 1197 2401; baseline -0.001 -21"><span class='ocrx_word' id='word_1_158' title='bbox 166 2345 183 2380; x_wconf 76' lang='lat' dir='ltr'><strong>u</strong></span> <span class='ocrx_word' id='word_1_159' title='bbox 205 2322 296 2401; x_wconf 89' lang='lat' dir='ltr'><strong>hujus</strong></span> <span class='ocrx_word' id='word_1_160' title='bbox 315 2322 415 2382; x_wconf 88' lang='lat' dir='ltr'><strong>inclite</strong></span> <span class='ocrx_word' id='word_1_161' title='bbox 436 2320 564 2380; x_wconf 83' lang='lat' dir='ltr'><strong>civitatis</strong></span> <span class='ocrx_word' id='word_1_162' title='bbox 585 2329 615 2380; x_wconf 91' lang='lat' dir='ltr'><strong>et</strong></span> <span class='ocrx_word' id='word_1_163' title='bbox 631 2328 752 2397; x_wconf 90' lang='lat' dir='ltr'><strong>patrum</strong></span> <span class='ocrx_word' id='word_1_164' title='bbox 767 2319 810 2398; x_wconf 54' lang='grc' dir='ltr'><strong>(ἢ)</strong></span> <span class='ocrx_word' id='word_1_165' title='bbox 825 2321 1019 2381; x_wconf 83' lang='lat' dir='ltr'><strong>vastationem</strong></span> <span class='ocrx_word' id='word_1_166' title='bbox 1035 2331 1065 2380; x_wconf 90' lang='lat' dir='ltr'><strong>et</strong></span> <span class='ocrx_word' id='word_1_167' title='bbox 1084 2321 1197 2381; x_wconf 89' lang='lat' dir='ltr'><strong>desola-</strong></span> 
     </span>
     <span class='ocr_line' id='line_1_20' title="bbox 167 2421 1197 2499; baseline 0 -19"><span class='ocrx_word' id='word_1_168' title='bbox 167 2446 184 2480; x_wconf 71' lang='lat' dir='ltr'><strong>s&gt;</strong></span> <span class='ocrx_word' id='word_1_169' title='bbox 207 2424 317 2484; x_wconf 88' lang='lat' dir='ltr'><strong>tionem</strong></span> <span class='ocrx_word' id='word_1_170' title='bbox 337 2423 367 2481; x_wconf 93' lang='lat' dir='ltr'><strong>iu</strong></span> <span class='ocrx_word' id='word_1_171' title='bbox 394 2439 490 2481; x_wconf 87' lang='lat' dir='ltr'><strong>meam</strong></span> <span class='ocrx_word' id='word_1_172' title='bbox 505 2429 534 2480; x_wconf 91' lang='lat' dir='ltr'><strong>et</strong></span> <span class='ocrx_word' id='word_1_173' title='bbox 549 2421 676 2481; x_wconf 84' lang='lat' dir='ltr'><strong>Ecclesie</strong></span> <span class='ocrx_word' id='word_1_174' title='bbox 691 2421 850 2499; x_wconf 87' lang='lat' dir='ltr'><strong>pernitiem</strong></span> <span class='ocrx_word' id='word_1_175' title='bbox 867 2429 927 2479; x_wconf 91' lang='lat' dir='ltr'><strong>tam</strong></span> <span class='ocrx_word' id='word_1_176' title='bbox 943 2421 1051 2482; x_wconf 92' lang='lat' dir='ltr'><strong>intenti</strong></span> <span class='ocrx_word' id='word_1_177' title='bbox 1066 2431 1095 2482; x_wconf 92' lang='lat' dir='ltr'><strong>et</strong></span> <span class='ocrx_word' id='word_1_178' title='bbox 1109 2422 1197 2498; x_wconf 90' lang='lat' dir='ltr'><strong>proni</strong></span> 
     </span>
     <span class='ocr_line' id='line_1_21' title="bbox 166 2513 1198 2601; baseline 0.001 -21"><span class='ocrx_word' id='word_1_179' title='bbox 166 2546 184 2580; x_wconf 72' lang='lat' dir='ltr'><strong>&gt;s</strong></span> <span class='ocrx_word' id='word_1_180' title='bbox 206 2525 278 2585; x_wconf 89' lang='lat' dir='ltr'><strong>sitis.</strong></span> <span class='ocrx_word' id='word_1_181' title='bbox 296 2523 441 2583; x_wconf 89' lang='lat' dir='ltr'><strong>Dominus</strong></span> <span class='ocrx_word' id='word_1_182' title='bbox 455 2523 569 2601; x_wconf 85' lang='lat' dir='ltr'><strong>legatus</strong></span> <span class='ocrx_word' id='word_1_183' title='bbox 588 2533 618 2582; x_wconf 89' lang='lat' dir='ltr'><strong>et</strong></span> <span class='ocrx_word' id='word_1_184' title='bbox 639 2539 693 2601; x_wconf 82' lang='lat' dir='ltr'><strong>ego</strong></span> <span class='ocrx_word' id='word_1_185' title='bbox 708 2513 884 2580; x_wconf 78' lang='lat' dir='ltr'><strong>inducemus</strong></span> <span class='ocrx_word' id='word_1_186' title='bbox 902 2539 952 2580; x_wconf 91' lang='lat' dir='ltr'><strong>eos</strong></span> <span class='ocrx_word' id='word_1_187' title='bbox 966 2521 1003 2581; x_wconf 89' lang='lat' dir='ltr'><strong>ad</strong></span> <span class='ocrx_word' id='word_1_188' title='bbox 1024 2522 1198 2599; x_wconf 86' lang='lat' dir='ltr'><strong>omniaque</strong></span> 
     </span>
     <span class='ocr_line' id='line_1_22' title="bbox 168 2611 1198 2703; baseline 0.001 -23"><span class='ocrx_word' id='word_1_189' title='bbox 168 2646 186 2680; x_wconf 83' lang='lat' dir='ltr'><strong>n</strong></span> <span class='ocrx_word' id='word_1_190' title='bbox 202 2624 281 2703; x_wconf 88' lang='lat' dir='ltr'><strong>justa</strong></span> <span class='ocrx_word' id='word_1_191' title='bbox 297 2623 411 2684; x_wconf 84' lang='lat' dir='ltr'><strong>luerint</strong></span> <span class='ocrx_word' id='word_1_192' title='bbox 436 2632 465 2682; x_wconf 88' lang='lat' dir='ltr'><strong>ct</strong></span> <span class='ocrx_word' id='word_1_193' title='bbox 488 2611 548 2680; x_wconf 91' lang='lat' dir='ltr'><strong>non</strong></span> <span class='ocrx_word' id='word_1_194' title='bbox 570 2620 686 2698; x_wconf 87' lang='lat' dir='ltr'><strong>ingrata</strong></span> <span class='ocrx_word' id='word_1_195' title='bbox 707 2618 794 2695; x_wconf 91' lang='lat' dir='ltr'><strong>duci;</strong></span> <span class='ocrx_word' id='word_1_196' title='bbox 815 2621 1018 2681; x_wconf 85' lang='lat' dir='ltr'><strong>inconsultum</strong></span> <span class='ocrx_word' id='word_1_197' title='bbox 1038 2631 1082 2681; x_wconf 89' lang='lat' dir='ltr'><strong>est</strong></span> <span class='ocrx_word' id='word_1_198' title='bbox 1097 2631 1198 2681; x_wconf 89' lang='lat' dir='ltr'><strong>autem</strong></span> 
     </span>
     <span class='ocr_line' id='line_1_23' title="bbox 168 2719 1199 2802; baseline 0.002 -21"><span class='ocrx_word' id='word_1_199' title='bbox 168 2748 185 2782; x_wconf 75' lang='lat' dir='ltr'><strong>s</strong></span> <span class='ocrx_word' id='word_1_200' title='bbox 207 2743 240 2785; x_wconf 87' lang='lat' dir='ltr'><strong>ea</strong></span> <span class='ocrx_word' id='word_1_201' title='bbox 266 2743 333 2784; x_wconf 89' lang='lat' dir='ltr'><strong>cum</strong></span> <span class='ocrx_word' id='word_1_202' title='bbox 356 2723 500 2802; x_wconf 82' lang='lat' dir='ltr'><strong>sanguine</strong></span> <span class='ocrx_word' id='word_1_203' title='bbox 521 2721 598 2780; x_wconf 87' lang='lat' dir='ltr'><strong>velle</strong></span> <span class='ocrx_word' id='word_1_204' title='bbox 621 2719 765 2798; x_wconf 85' lang='lat' dir='ltr'><strong>perlicere</strong></span> <span class='ocrx_word' id='word_1_205' title='bbox 780 2740 840 2799; x_wconf 89' lang='lat' dir='ltr'><strong>que</strong></span> <span class='ocrx_word' id='word_1_206' title='bbox 854 2723 919 2781; x_wconf 88' lang='lat' dir='ltr'><strong>sine</strong></span> <span class='ocrx_word' id='word_1_207' title='bbox 933 2723 1079 2800; x_wconf 87' lang='lat' dir='ltr'><strong>sanguine</strong></span> <span class='ocrx_word' id='word_1_208' title='bbox 1093 2722 1199 2783; x_wconf 85' lang='lat' dir='ltr'><strong>confici</strong></span> 
     </span>
    </p>
   </div>
   <div class='ocr_carea' id='block_1_3' title="bbox 143 2815 1248 3511">
    <p class='ocr_par' dir='ltr' id='par_1_3' title="bbox 143 2815 1248 3511">
     <span class='ocr_line' id='line_1_24' title="bbox 143 2815 1200 2905; baseline 0.003 -23"><span class='ocrx_word' id='word_1_209' title='bbox 143 2896 145 2902; x_wconf 27' lang='grc' dir='ltr'>Ι</span> <span class='ocrx_word' id='word_1_210' title='bbox 168 2848 186 2883; x_wconf 81' lang='lat' dir='ltr'><strong>n</strong></span> <span class='ocrx_word' id='word_1_211' title='bbox 208 2835 335 2905; x_wconf 88' lang='lat' dir='ltr'><strong>possunt</strong></span> <span class='ocrx_word' id='word_1_212' title='bbox 349 2844 386 2898; x_wconf 80' lang='lat'><strong>»3</strong></span> <span class='ocrx_word' id='word_1_213' title='bbox 408 2833 438 2884; x_wconf 91' lang='lat' dir='ltr'><strong>et</strong></span> <span class='ocrx_word' id='word_1_214' title='bbox 460 2823 545 2901; x_wconf 89' lang='lat' dir='ltr'><strong>plura</strong></span> <span class='ocrx_word' id='word_1_215' title='bbox 567 2822 623 2880; x_wconf 89' lang='lat' dir='ltr'><strong>alia</strong></span> <span class='ocrx_word' id='word_1_216' title='bbox 645 2821 675 2881; x_wconf 91' lang='lat' dir='ltr'><strong>in</strong></span> <span class='ocrx_word' id='word_1_217' title='bbox 697 2819 774 2881; x_wconf 91' lang='lat' dir='ltr'><strong>hanc</strong></span> <span class='ocrx_word' id='word_1_218' title='bbox 797 2822 986 2883; x_wconf 88' lang='lat' dir='ltr'><strong>sententiam.</strong></span> <span class='ocrx_word' id='word_1_219' title='bbox 1000 2815 1084 2883; x_wconf 77' lang='lat' dir='ltr'><strong>Tun&#39;c</strong></span> <span class='ocrx_word' id='word_1_220' title='bbox 1101 2842 1200 2886; x_wconf 87' lang='lat' dir='ltr'><strong>mare·</strong></span> 
     </span>
     <span class='ocr_line' id='line_1_25' title="bbox 167 2923 1199 3004; baseline -0.001 -15"><span class='ocrx_word' id='word_1_221' title='bbox 167 2930 284 3002; x_wconf 83' lang='lat' dir='ltr'><strong>scollus,</strong></span> <span class='ocrx_word' id='word_1_222' title='bbox 296 2928 399 2988; x_wconf 86' lang='lat' dir='ltr'><strong>surore</strong></span> <span class='ocrx_word' id='word_1_223' title='bbox 410 2926 559 3000; x_wconf 89' lang='lat' dir='ltr'><strong>incensus,</strong></span> <span class='ocrx_word' id='word_1_224' title='bbox 572 2924 663 3004; x_wconf 88' lang='lat' dir='ltr'><strong>petita</strong></span> <span class='ocrx_word' id='word_1_225' title='bbox 675 2924 713 2984; x_wconf 82' lang='lat' dir='ltr'><strong>ob</strong></span> <span class='ocrx_word' id='word_1_226' title='bbox 725 2923 864 3003; x_wconf 87' lang='lat' dir='ltr'><strong>episcopo</strong></span> <span class='ocrx_word' id='word_1_227' title='bbox 877 2924 972 2999; x_wconf 88' lang='lat' dir='ltr'><strong>venia,</strong></span> <span class='ocrx_word' id='word_1_228' title='bbox 982 2923 1038 2985; x_wconf 89' lang='lat' dir='ltr'><strong>hec</strong></span> <span class='ocrx_word' id='word_1_229' title='bbox 1049 2925 1080 2984; x_wconf 91' lang='lat' dir='ltr'><strong>in</strong></span> <span class='ocrx_word' id='word_1_230' title='bbox 1091 2924 1199 2988; x_wconf 78' lang='lat' dir='ltr'><strong>ellectu</strong></span> 
     </span>
     <span class='ocr_line' id='line_1_26' title="bbox 169 3008 1200 3110; baseline -0.004 -19"><span class='ocrx_word' id='word_1_231' title='bbox 169 3029 322 3110; x_wconf 84' lang='lat' dir='ltr'><strong>respondit</strong></span> <span class='ocrx_word' id='word_1_232' title='bbox 338 3049 344 3087; x_wconf 94' lang='lat'>:</span> <span class='ocrx_word' id='word_1_233' title='bbox 361 3051 379 3086; x_wconf 79' lang='lat' dir='ltr'><strong>a</strong></span> <span class='ocrx_word' id='word_1_234' title='bbox 396 3027 570 3087; x_wconf 82' lang='lat' dir='ltr'><strong>Reverendo</strong></span> <span class='ocrx_word' id='word_1_235' title='bbox 593 3036 686 3105; x_wconf 87' lang='lat' dir='ltr'><strong>pater,</strong></span> <span class='ocrx_word' id='word_1_236' title='bbox 701 3008 769 3102; x_wconf 86' lang='lat' dir='ltr'><strong>quia</strong></span> <span class='ocrx_word' id='word_1_237' title='bbox 793 3025 853 3085; x_wconf 88' lang='lat' dir='ltr'><strong>alto</strong></span> <span class='ocrx_word' id='word_1_238' title='bbox 872 3026 1054 3087; x_wconf 89' lang='lat' dir='ltr'><strong>Francorum</strong></span> <span class='ocrx_word' id='word_1_239' title='bbox 1070 3037 1155 3087; x_wconf 86' lang='lat' dir='ltr'><strong>ortus</strong></span> <span class='ocrx_word' id='word_1_240' title='bbox 1169 3047 1200 3088; x_wconf 89' lang='lat' dir='ltr'><strong>es</strong></span> 
     </span>
     <span class='ocr_line' id='line_1_27' title="bbox 170 3127 1202 3206; baseline 0 -18"><span class='ocrx_word' id='word_1_241' title='bbox 170 3154 187 3189; x_wconf 79' lang='lat' dir='ltr'><strong>s</strong></span> <span class='ocrx_word' id='word_1_242' title='bbox 209 3143 240 3192; x_wconf 85' lang='lat' dir='ltr'><strong>et</strong></span> <span class='ocrx_word' id='word_1_243' title='bbox 253 3129 454 3194; x_wconf 88' lang='lat' dir='ltr'><strong>illustrissimo</strong></span> <span class='ocrx_word' id='word_1_244' title='bbox 469 3129 590 3190; x_wconf 83' lang='lat' dir='ltr'><strong>dominu</strong></span> <span class='ocrx_word' id='word_1_245' title='bbox 611 3145 678 3188; x_wconf 90' lang='lat' dir='ltr'><strong>mco</strong></span> <span class='ocrx_word' id='word_1_246' title='bbox 697 3128 764 3187; x_wconf 89' lang='lat' dir='ltr'><strong>duci</strong></span> <span class='ocrx_word' id='word_1_247' title='bbox 780 3127 849 3186; x_wconf 91' lang='lat' dir='ltr'><strong>satis</strong></span> <span class='ocrx_word' id='word_1_248' title='bbox 864 3127 999 3206; x_wconf 83' lang='lat' dir='ltr'><strong>proxima</strong></span> <span class='ocrx_word' id='word_1_249' title='bbox 1014 3127 1202 3190; x_wconf 85' lang='lat' dir='ltr'><strong>fraternitate</strong></span> 
     </span>
     <span class='ocr_line' id='line_1_28' title="bbox 170 3227 1203 3309; baseline 0 -21"><span class='ocrx_word' id='word_1_250' title='bbox 170 3253 187 3290; x_wconf 83' lang='lat' dir='ltr'><strong>n</strong></span> <span class='ocrx_word' id='word_1_251' title='bbox 208 3231 341 3309; x_wconf 82' lang='lat' dir='ltr'><strong>junctus,</strong></span> <span class='ocrx_word' id='word_1_252' title='bbox 365 3231 481 3290; x_wconf 89' lang='lat' dir='ltr'><strong>veniam</strong></span> <span class='ocrx_word' id='word_1_253' title='bbox 497 3227 580 3288; x_wconf 88' lang='lat' dir='ltr'><strong>dabis</strong></span> <span class='ocrx_word' id='word_1_254' title='bbox 603 3227 626 3288; x_wconf 89' lang='lat' dir='ltr'><strong>si</strong></span> <span class='ocrx_word' id='word_1_255' title='bbox 649 3227 738 3287; x_wconf 90' lang='lat' dir='ltr'><strong>nimis</strong></span> <span class='ocrx_word' id='word_1_256' title='bbox 760 3227 854 3287; x_wconf 87' lang='lat' dir='ltr'><strong>libere</strong></span> <span class='ocrx_word' id='word_1_257' title='bbox 868 3229 982 3304; x_wconf 88' lang='lat' dir='ltr'><strong>loquar.</strong></span> <span class='ocrx_word' id='word_1_258' title='bbox 998 3227 1081 3288; x_wconf 88' lang='lat' dir='ltr'><strong>idem</strong></span> <span class='ocrx_word' id='word_1_259' title='bbox 1096 3235 1203 3307; x_wconf 88' lang='lat' dir='ltr'><strong>poten·</strong></span> 
     </span>
     <span class='ocr_line' id='line_1_29' title="bbox 171 3327 1202 3404; baseline 0.003 -17"><span class='ocrx_word' id='word_1_260' title='bbox 171 3352 188 3389; x_wconf 82' lang='lat' dir='ltr'><strong>n</strong></span> <span class='ocrx_word' id='word_1_261' title='bbox 212 3331 343 3392; x_wconf 90' lang='lat' dir='ltr'><strong>tissimus</strong></span> <span class='ocrx_word' id='word_1_262' title='bbox 354 3340 384 3391; x_wconf 90' lang='lat' dir='ltr'><strong>et</strong></span> <span class='ocrx_word' id='word_1_263' title='bbox 394 3329 622 3404; x_wconf 88' lang='lat' dir='ltr'><strong>illustrissimus,</strong></span> <span class='ocrx_word' id='word_1_264' title='bbox 632 3329 890 3388; x_wconf 89' lang='lat' dir='ltr'><strong>victoriosissimus</strong></span> <span class='ocrx_word' id='word_1_265' title='bbox 901 3327 1202 3390; x_wconf 89' lang='lat' dir='ltr'><strong>etmelucndissimus</strong></span> 
     </span>
     <span class='ocr_line' id='line_1_30' title="bbox 171 3429 1248 3511; baseline 0 -21"><span class='ocrx_word' id='word_1_266' title='bbox 171 3454 189 3491; x_wconf 82' lang='lat' dir='ltr'><strong>n</strong></span> <span class='ocrx_word' id='word_1_267' title='bbox 211 3432 351 3493; x_wconf 87' lang='lat' dir='ltr'><strong>daminus</strong></span> <span class='ocrx_word' id='word_1_268' title='bbox 372 3451 457 3493; x_wconf 90' lang='lat' dir='ltr'><strong>meus</strong></span> <span class='ocrx_word' id='word_1_269' title='bbox 481 3429 652 3511; x_wconf 89' lang='lat' dir='ltr'><strong>Burgundie</strong></span> <span class='ocrx_word' id='word_1_270' title='bbox 669 3430 729 3491; x_wconf 84' lang='lat' dir='ltr'><strong>dux</strong></span> <span class='ocrx_word' id='word_1_271' title='bbox 749 3429 811 3507; x_wconf 87' lang='lat' dir='ltr'><strong>jam</strong></span> <span class='ocrx_word' id='word_1_272' title='bbox 834 3439 878 3489; x_wconf 86' lang='lat' dir='ltr'><strong>ter</strong></span> <span class='ocrx_word' id='word_1_273' title='bbox 894 3430 938 3510; x_wconf 80' lang='lat'><strong>(5)</strong></span> <span class='ocrx_word' id='word_1_274' title='bbox 961 3448 1014 3508; x_wconf 87' lang='lat' dir='ltr'><strong>pro</strong></span> <span class='ocrx_word' id='word_1_275' title='bbox 1029 3430 1203 3491; x_wconf 82' lang='lat' dir='ltr'><strong>defensione</strong></span> <span class='ocrx_word' id='word_1_276' title='bbox 1247 3441 1248 3446; x_wconf 76' lang='grc'>’</span> 
     </span>
    </p>
   </div>
   <div class='ocr_carea' id='block_1_4' title="bbox 173 3731 1204 4060">
    <p class='ocr_par' dir='ltr' id='par_1_4' title="bbox 205 3731 412 3796">
     <span class='ocr_line' id='line_1_31' title="bbox 205 3731 412 3796; baseline 0.01 -16"><span class='ocrx_word' id='word_1_277' title='bbox 205 3732 240 3795; x_wconf 87' lang='lat' dir='ltr'><strong>(l)</strong></span> <span class='ocrx_word' id='word_1_278' title='bbox 258 3731 332 3782; x_wconf 80' lang='lat' dir='ltr'><strong>Lisez</strong></span> <span class='ocrx_word' id='word_1_279' title='bbox 342 3734 412 3796; x_wconf 74' lang='lat' dir='ltr'><strong>quiet</strong></span> 
     </span>
    </p>

    <p class='ocr_par' dir='ltr' id='par_1_5' title="bbox 201 3818 443 3884">
     <span class='ocr_line' id='line_1_32' title="bbox 201 3818 443 3884; baseline 0.021 -17"><span class='ocrx_word' id='word_1_280' title='bbox 201 3818 239 3883; x_wconf 70' lang='grc' dir='ltr'><strong>(Ξ)</strong></span> <span class='ocrx_word' id='word_1_281' title='bbox 257 3818 443 3884; x_wconf 83' lang='lat' dir='ltr'><strong>Lisezpotrioe.</strong></span> 
     </span>
    </p>

    <p class='ocr_par' dir='ltr' id='par_1_6' title="bbox 173 3905 1204 4060">
     <span class='ocr_line' id='line_1_33' title="bbox 203 3905 1204 3969; baseline 0.004 -14"><span class='ocrx_word' id='word_1_282' title='bbox 203 3906 240 3967; x_wconf 74' lang='grc' dir='ltr'><strong>(ὅ)</strong></span> <span class='ocrx_word' id='word_1_283' title='bbox 260 3905 348 3956; x_wconf 83' lang='lat' dir='ltr'><strong>c’etait</strong></span> <span class='ocrx_word' id='word_1_284' title='bbox 359 3919 390 3956; x_wconf 89' lang='lat' dir='ltr'><strong>en</strong></span> <span class='ocrx_word' id='word_1_285' title='bbox 403 3905 463 3956; x_wconf 81' lang='lat' dir='ltr'><strong>etlet</strong></span> <span class='ocrx_word' id='word_1_286' title='bbox 474 3907 498 3956; x_wconf 84' lang='lat' dir='ltr'><strong>le</strong></span> <span class='ocrx_word' id='word_1_287' title='bbox 510 3906 651 3969; x_wconf 76' lang='lat' dir='ltr'><strong>quatrieme</strong></span> <span class='ocrx_word' id='word_1_288' title='bbox 659 3905 707 3957; x_wconf 87' lang='lat' dir='ltr'><strong>fois</strong></span> <span class='ocrx_word' id='word_1_289' title='bbox 715 3919 765 3969; x_wconf 85' lang='lat' dir='ltr'><strong>que</strong></span> <span class='ocrx_word' id='word_1_290' title='bbox 774 3906 876 3958; x_wconf 80' lang='lat' dir='ltr'><strong>charles</strong></span> <span class='ocrx_word' id='word_1_291' title='bbox 887 3909 909 3958; x_wconf 91' lang='lat' dir='ltr'><strong>le</strong></span> <span class='ocrx_word' id='word_1_292' title='bbox 917 3907 1062 3960; x_wconf 75' lang='lat' dir='ltr'><strong>Temeraire</strong></span> <span class='ocrx_word' id='word_1_293' title='bbox 1071 3921 1098 3960; x_wconf 91' lang='lat' dir='ltr'><strong>se</strong></span> <span class='ocrx_word' id='word_1_294' title='bbox 1107 3910 1204 3960; x_wconf 88' lang='lat' dir='ltr'><strong>mettait</strong></span> 
     </span>
     <span class='ocr_line' id='line_1_34' title="bbox 173 3992 1057 4060; baseline 0.005 -18"><span class='ocrx_word' id='word_1_295' title='bbox 173 4004 204 4042; x_wconf 90' lang='lat' dir='ltr'><strong>en</strong></span> <span class='ocrx_word' id='word_1_296' title='bbox 216 4003 354 4057; x_wconf 79' lang='lat' dir='ltr'><strong>campagus</strong></span> <span class='ocrx_word' id='word_1_297' title='bbox 367 3998 453 4043; x_wconf 90' lang='lat' dir='ltr'><strong>contre</strong></span> <span class='ocrx_word' id='word_1_298' title='bbox 467 3993 502 4043; x_wconf 89' lang='lat' dir='ltr'><strong>les</strong></span> <span class='ocrx_word' id='word_1_299' title='bbox 514 3992 626 4055; x_wconf 80' lang='lat' dir='ltr'><strong>tiegeois</strong></span> <span class='ocrx_word' id='word_1_300' title='bbox 637 3993 679 4056; x_wconf 90' lang='lat' dir='ltr'><strong>(en</strong></span> <span class='ocrx_word' id='word_1_301' title='bbox 693 3992 763 4056; x_wconf 76' lang='grc'><strong>1465,</strong></span> <span class='ocrx_word' id='word_1_302' title='bbox 776 3992 848 4054; x_wconf 78' lang='grc'>1466,</span> <span class='ocrx_word' id='word_1_303' title='bbox 859 3993 923 4044; x_wconf 77' lang='lat' dir='ltr'><strong>tter</strong></span> <span class='ocrx_word' id='word_1_304' title='bbox 936 4001 962 4046; x_wconf 86' lang='lat' dir='ltr'><strong>et</strong></span> <span class='ocrx_word' id='word_1_305' title='bbox 976 3994 1057 4060; x_wconf 80' lang='lat' dir='ltr'><strong>itte).</strong></span> 
     </span>
    </p>
   </div>
   <div class='ocr_carea' id='block_1_5' title="bbox 0 0 1586 4906">
    <p class='ocr_par' dir='ltr' id='par_1_7' title="bbox 0 0 1586 4906">
     <span class='ocr_line' id='line_1_35' title="bbox 0 0 1586 4906; baseline 0 0"><span class='ocrx_word' id='word_1_306' title='bbox 0 0 1586 4906; x_wconf 95' lang='lat' dir='ltr'><strong> </strong></span> 
     </span>
    </p>
   </div>
  </div>
 </body>
</html>
