3088 4926
816 441 944 540 (98)

361 615 379 652 n
401 602 471 654 sunt
495 589 590 651 salvos
611 605 674 648 esse
700 586 769 647 volo
786 596 816 646 et
836 584 952 647 inlesos.
974 605 991 642 n
1014 587 1112 661 Tunc,
1133 587 1235 648 habito
1259 586 1338 648 iuter
1356 607 1388 646 sc

361 691 515 772 paululum
530 705 666 749 seorsum
681 685 851 763 conloquio,
873 685 1028 762 respondit
1043 705 1123 747 unus
1138 706 1145 747 :
1161 709 1179 745 u
1194 687 1240 747 Ob
1253 681 1390 748 reveren-

361 815 379 852 n
401 793 471 852 tiam
485 799 586 850 sancte
597 787 676 848 sedis
687 785 848 866 apostolice
858 795 888 845 et
899 795 992 866 tuom,
1006 804 1161 865 perquam
1172 805 1226 848 nos
1238 786 1389 865 adjurasti,

361 915 379 950 n
400 889 540 952 omuibus
577 905 700 968 parcere
736 886 829 967 parati
869 903 986 961 sumus,
1020 889 1151 965 exceptis
1188 887 1389 967 proditoribus

363 1015 381 1052 n
398 989 581 1072 ‘Burgundin
594 1011 613 1046 n
627 991 711 1048 Tunc
727 987 865 1066 legatus:
881 1007 899 1042 u
922 985 1040 1046 Nullam
1060 990 1266 1067 exceptionem
1289 1006 1391 1068 perso-

364 1115 381 1150 n
404 1109 512 1153 narum
534 1091 614 1164 volo,
632 1087 759 1149 maxime
774 1105 810 1146 ex
824 1086 871 1146 his
885 1087 936 1164 qui
954 1104 1071 1146 mecum
1086 1098 1173 1162 sunt;
1189 1091 1268 1166 quod
1289 1088 1312 1148 si
1328 1088 1392 1148 illos

364 1214 383 1251 n
403 1191 558 1252 offendere
577 1187 768 1259 contenditis,
784 1197 818 1247 ut
839 1203 886 1245 tue
907 1186 991 1264 prius
1013 1185 1172 1248 offendatis
1192 1205 1313 1249 necesse
1326 1198 1392 1248 est:

364 1315 382 1352 n
405 1292 512 1353 tuebor
525 1294 606 1369 ipsos
625 1288 771 1367 usquead
790 1299 918 1348 mortem
937 1305 1013 1366 quos
1035 1289 1091 1350 sub
1111 1289 1169 1351 lide
1184 1309 1249 1351 mea
1267 1291 1392 1369 suscepi.

365 1415 382 1452 >i
406 1393 529 1456 Polliciti
547 1392 617 1453 estis
633 1392 745 1471 pluries
760 1391 860 1451 omnia
880 1391 1057 1470 vellespere
1077 1409 1256 1471 quecunque
1271 1392 1394 1452 manda·

365 1517 384 1554 n
406 1513 490 1556 vero:
504 1494 528 1553 si
540 1493 597 1553 hoc
607 1511 696 1571 agere
707 1492 861 1566 recusatis,
873 1510 933 1551 non
946 1490 1033 1552 video
1044 1494 1162 1570 qualem
1174 1495 1393 1553 excusationem

366 1617 384 1653 n
405 1596 443 1656 de
456 1593 658 1656 inobedientia
676 1604 706 1654 et
724 1593 830 1653 violata
847 1591 906 1652 lide
922 1593 1041 1671 possitis
1063 1592 1180 1653 afferre.
1202 1615 1220 1653 n
1235 1595 1301 1654 Non
1322 1594 1395 1653 levis

337 1747 339 1752 .
366 1707 418 1757 aut
439 1715 530 1775 parva
551 1711 643 1774 super
668 1693 715 1754 his
738 1696 920 1773 contemptio
945 1692 987 1773 (l)
1010 1705 1158 1770 protracta
1180 1705 1236 1768 est,
1256 1695 1396 1756 omnibus

369 1800 399 1858 in
426 1795 657 1876 burgundorum
683 1811 786 1855 necem
812 1792 1040 1866 hanelantibus;
1066 1793 1186 1853 tandem
1210 1793 1281 1854 victi
1309 1794 1396 1873 legati

370 1899 519 1979 precibus,
530 1913 707 1957 consensere
718 1903 752 1954 ut
763 1894 851 1955 salvis
862 1894 1039 1972 corporibus
1051 1913 1082 1954 se
1095 1895 1227 1973 captivos
1242 1894 1398 1965 dederent,

370 2017 474 2060 eorum
484 1997 605 2057 nomina
617 1997 693 2057 scire
704 1997 857 2074 cupientes
869 1996 925 2055 sub
935 1996 1023 2075 legati
1034 1995 1094 2056 fide
1105 2004 1135 2056 et
1145 1996 1302 2076 promisso.
1310 1995 1397 2055 llisso

371 2100 463 2178 igitur
480 2116 536 2178 pcr
557 2099 685 2177 legatum
707 2114 767 2156 uuo
794 2115 830 2156 ex
852 2096 912 2156 suis
936 2096 973 2156 sd
996 2115 1056 2172 eos,
1078 2115 1116 2156 an
1140 2097 1344 2157 consentirent
1365 2108 1399 2156 ut

372 2203 484 2280 legatus
514 2218 568 2278 pro
596 2217 701 2258 eorum
729 2198 898 2276 captivitate
929 2198 1019 2263 fidem
1049 2199 1147 2271 daret,
1174 2187 1399 2278 responderunt

305 2319 307 2322 ·
373 2303 520 2382 supplices
538 2313 581 2375 ut,
595 2302 683 2362 salvis
696 2319 800 2361 eorum
815 2300 1002 2381 corporibus,
1018 2301 1211 2379 promicteret
1228 2302 1328 2362 omnia
1341 2319 1401 2378 que

374 2405 416 2466 illi
430 2405 541 2464 veilent
555 2414 585 2463 et
599 2402 656 2462 sibi
671 2402 842 2475 videretur3
853 2401 905 2461 sed
916 2420 984 2462 cum
996 2402 1084 2479 paulo
1096 2400 1209 2462 tardius
1221 2420 1401 2482 responsum

373 2506 495 2578 darent,
525 2503 602 2564 forte
637 2501 845 2563 conmunicato
879 2502 960 2562 inter
993 2520 1025 2562 se
1053 2501 1175 2563 consilio
1204 2513 1238 2563 ut
1264 2503 1402 2563 omnium

373 2625 535 2668 consensus
556 2604 710 2666 accederet
728 2605 758 2664 in
781 2620 924 2683 responso
948 2603 1061 2678 dando,
1086 2622 1165 2664 unus
1186 2621 1223 2664 ex
1240 2605 1401 2682 capitaneis

373 2709 522 2770 Gosuinus
537 2707 664 2768 Stralem
680 2706 848 2767 exclamans
863 2724 870 2764 ε
887 2727 904 2762 u
919 2705 1034 2765 Scimus
1048 2705 1130 2783 quod
1143 2706 1301 2784 episeopus
1322 2706 1401 2765 intra

374 2831 392 2868 »
413 2809 536 2870 domum
551 2807 628 2867 hanc
643 2818 697 2880 est,
716 2817 746 2867 et
767 2805 902 2867 noudum
917 2815 1057 2884 apparet;
1074 2804 1164 2865 verba
1181 2805 1404 2883 protrahuntur

373 2933 392 2968 n
413 2909 443 2970 in
459 2910 581 2990 longum
594 2917 740 2969 utcontra
751 2926 805 2968 nos
820 2907 851 2967 in
863 2907 993 2986 prelium
1010 2906 1089 2966 vires
1101 2918 1262 2968 resumant.
1275 2909 1404 2986 Agamus

374 3033 392 3070 >x
413 3012 491 3071 otius
506 3028 564 3087 que
578 3009 673 3069 ncturi
683 3011 803 3069 sumus!
815 3028 833 3064 n
850 3008 971 3087 paulum
983 3005 1080 3068 deluit
1091 3007 1163 3085 quin
1176 3026 1192 3066 a
1204 3006 1404 3068 conventione

374 3109 574 3172 discederent.

412 3213 496 3273 Tuxtc
516 3211 629 3290 legatus
657 3220 781 3286 repente
812 3209 1030 3288 introgressus,
1046 3212 1221 3290 episcopum
1243 3228 1344 3272 secum
1364 3211 1404 3272 ad

375 3313 495 3375 brachia
507 3311 640 3384 trahens,
651 3311 736 3372 illum
747 3312 789 3371 eis
803 3311 917 3372 exibuit
929 3321 1012 3372 tanto
1024 3311 1132 3372 ardore
1144 3312 1243 3373 visere
1258 3311 1405 3373 hanelan-

376 3414 455 3476 tibus
479 3411 537 3494 (tt);
559 3422 703 3490 sequutus
730 3422 774 3472 est
802 3410 879 3471 illico
902 3413 1010 3492 ingens
1034 3422 1065 3473 et
1088 3411 1238 3490 jocundus
1265 3413 1403 3474 omnium

376 3517 487 3577 clamor
499 3533 506 3574 τ
518 3537 536 3572 α
551 3514 651 3586 Vivat,
661 3512 741 3572 vivat
753 3512 891 3592 princeps
904 3521 1006 3574 noster
1015 3513 1172 3592 episcopus
1188 3513 1370 3575 leodiensis!
1385 3536 1404 3572 n

354 3609 356 3613 ’
377 3617 547 3677 Adoraruut
559 3633 674 3691 ornnes,
688 3613 773 3675 flexis
787 3615 913 3694 genibus
926 3622 956 3676 et
965 3614 1132 3675 cervicibus
1144 3625 1179 3675 ut
1191 3616 1299 3692 cuique
1310 3614 1406 3676 iacul-

411 3884 448 3948 (l)
464 3881 513 3942 Sic,
526 3895 590 3946 pour
600 3882 734 3932 contextio.

413 3965 449 4031 (Ξ)
465 3967 536 4017 bisen
550 3964 743 4017 anhelantibus.
