3126 4906
783 436 939 533 (too)

347 579 426 639 milis
452 547 609 670 passuum,
632 573 733 655 ibique
755 595 787 636 se
808 576 959 639 dicturum
981 576 1024 638 eis
1045 577 1144 639 locum
1163 585 1254 656 quem
1278 583 1382 658 petere

261 679 263 688 ’
346 681 508 740 statuisset.

386 778 616 840 Perambulabat
636 779 750 858 legatus
768 793 836 840 cum
861 777 991 839 heraldis
1012 789 1082 839 ante
1101 798 1133 838 se
1150 780 1305 858 premissis
1328 799 1383 858 per

344 891 511 944 castrorum
530 881 648 960 agmina
669 880 707 941 ad
726 879 909 941 destinatum
929 880 1039 956 locum,
1061 883 1177 943 cunetis
1199 882 1380 943 mirantibus

343 1001 474 1061 quonam
501 989 640 1060 pergeret
658 991 712 1040 ont
736 999 843 1060 aggere
871 980 913 1060 (l)
938 979 1127 1059 disponerem
1149 981 1381 1061 suspicabantur

345 1083 491 1162 plerique,
500 1091 533 1142 ut
541 1091 642 1160 postea
652 1081 802 1160 apparuit,
810 1100 848 1141 ne
859 1081 972 1159 legatus
980 1081 1090 1141 iterum
1098 1082 1247 1143 civitatem
1259 1083 1379 1161 regredi

344 1185 444 1259 vellet,
457 1202 507 1245 eos
517 1183 560 1263 (ἢ)
570 1183 608 1243 ad
623 1183 749 1261 prelium
761 1181 832 1242 etin
844 1183 890 1243 sui
902 1181 1063 1244 vindictam
1073 1201 1259 1244 accensurus
1271 1183 1310 1244 ob
1323 1183 1379 1244 sibi

345 1284 450 1362 inlatas
457 1283 662 1346 contumelias.
670 1282 728 1344 Sed
739 1283 810 1342 visis
822 1301 876 1360 per
884 1295 979 1343 eastra
990 1284 1140 1361 aliquibus
1149 1285 1244 1364 patrie
1256 1284 1379 1363 prelatis

344 1395 375 1446 et
385 1385 538 1446 nobilibus
548 1383 605 1444 sibi
617 1385 695 1444 notis
706 1395 736 1444 et
747 1383 900 1444 nonnullis
912 1385 1103 1445 ecuesinrum
1115 1385 1274 1459 canonicis,
1285 1386 1381 1446 amice

345 1488 425 1565 ipsos
437 1483 552 1565 rogavit
567 1506 585 1542 «
601 1493 634 1544 nt
655 1483 769 1560 aliquos
788 1503 823 1544 ex
847 1485 909 1545 suis
927 1484 1124 1546 familiaribus
1145 1485 1201 1546 sibi
1224 1485 1381 1547 traderent

346 1605 400 1663 pro
422 1605 455 1645 ea
474 1585 521 1644 die
543 1586 665 1645 comites
686 1582 724 1643 nd
747 1586 916 1662 proximum
938 1585 1047 1660 locum,
1073 1605 1111 1645 ne
1131 1604 1200 1646 cum
1227 1585 1289 1646 suis
1309 1586 1380 1646 solis

344 1695 475 1762 quatuor
490 1685 590 1745 minus
605 1684 731 1745 honeste
745 1685 899 1746 videretur
913 1684 1052 1746 incedere
1064 1705 1099 1760 »3
1114 1686 1242 1766 acceptis
1257 1686 1350 1765 igitur
1363 1707 1378 1744 a

346 1786 474 1848 diversis
490 1805 584 1864 usqne
599 1785 636 1846 sd
652 1805 812 1863 nnmerum
828 1787 929 1847 decern
943 1787 989 1848 vel
1001 1788 1157 1848 duodecim
1169 1788 1380 1860 familiaribus,

345 1907 413 1948 cum
429 1889 476 1949 his
490 1888 677 1967 designatum
702 1888 798 1967 primo
819 1889 927 1962 locum,
942 1889 1063 1949 demum
1080 1888 1250 1967 Traiectum
1265 1892 1380 1969 legatus

346 1991 432 2067 petiit
444 2009 500 2068 pro
510 1992 550 2066 (5)
565 1988 690 2050 eandem
703 1991 780 2048 visin
795 1988 989 2050 cadaveribus
1006 1990 1124 2067 plenam
1131 1991 1194 2068 jam
1206 1990 1307 2050 fetidis
1322 2008 1381 2068 qua

347 2110 405 2150 una
426 2108 495 2149 cum
517 2090 657 2169 episeopo
681 2091 862 2169 transierant
878 2109 912 2150 ea
935 2101 1021 2150 nocte
1042 2109 1099 2167 qun
1120 2091 1269 2151 civitatem
1291 2091 1380 2152 simul

346 2193 455 2268 egressi
480 2201 566 2264 sunt;
591 2192 695 2270 plures
719 2190 908 2250 diversarum
931 2192 1067 2271 gentiunt
1092 2191 1240 2265 cohortes,
1264 2210 1324 2268 que
1350 2194 1381 2252 in

345 2291 487 2351 auxilium
509 2291 593 2350 ducis
611 2291 648 2351 ad
666 2285 920 2370 expugnationem
934 2291 1060 2352 civitatis
1076 2291 1169 2362 ibant,
1186 2303 1381 2352 occurrentes

346 2395 432 2454 nobis
454 2394 484 2454 in
506 2394 550 2455 via
565 2412 599 2454 so
617 2394 772 2466 mirantes,
790 2394 860 2454 visis
881 2393 1021 2467 bertildis,
1038 2396 1176 2471 quisnam
1193 2403 1273 2455 esset
1291 2395 1344 2472 qui
1363 2414 1380 2455 e

343 2497 450 2556 castris
463 2497 639 2568 discederet,
650 2495 860 2574 interogabnnt
873 2495 1012 2556 heraldos
1030 2496 1098 2573 quis
1111 2506 1189 2558 esset
1201 2513 1292 2573 quem
1305 2513 1380 2555 con-

343 2596 507 2656 ducerent:
523 2614 652 2674 cumque
666 2595 703 2655 ab
716 2595 763 2655 bis
774 2595 991 2656 intellexissent
1004 2594 1135 2674 legatum
1149 2613 1225 2667 esse,
1239 2593 1379 2656 admirati

344 2697 493 2777 negabant
514 2699 554 2758 ita
575 2716 650 2773 esse,
675 2697 743 2759 illos
767 2697 888 2757 mentiri
912 2696 1095 2757 affirmantes
1118 2705 1148 2756 et
1165 2698 1297 2777 legatum
1315 2695 1379 2775 jam

345 2798 445 2859 triduo
471 2810 625 2860 mortuum
647 2817 728 2872 esse;
750 2797 846 2858 donec
871 2799 998 2877 legatus,
1019 2797 1167 2876 oliqnibus
1192 2816 1229 2858 ex
1254 2796 1298 2858 eis
1323 2796 1382 2858 sibi

344 2899 471 2979 cognitis
493 2900 607 2960 detecto
628 2900 701 2959 lacie
722 2899 866 2973 salutatis,
892 2899 986 2959 laceto
1009 2898 1213 2978 respondisset
1238 2899 1380 2960 miracula

345 3000 410 3062 lore
427 3001 513 3060 vbeati
539 3001 687 3060 lamberti
718 3009 752 3060 ut
778 3011 845 3079 post
871 2999 1004 3061 triduum
1034 2999 1098 3081 ipse
1122 3001 1338 3065 resurrexisset
1362 3020 1379 3059 a

345 3104 482 3165 mortuis.
503 3102 612 3162 Eadem
630 3102 734 3162 mortis
751 3099 839 3180 legati
854 3100 939 3161 firma
961 3103 990 3161 in
1012 3101 1147 3178 Trajecto
1162 3101 1241 3162 lama
1256 3101 1378 3163 extitit:

343 3203 394 3282 qui
410 3205 463 3281 (l),
476 3201 583 3264 clausis
598 3203 679 3282 opidi
701 3203 794 3282 portis
808 3213 837 3262 et
852 3201 993 3280 pontibus
1008 3204 1119 3262 levatos
1130 3202 1172 3283 (ὅ)
1184 3203 1224 3264 ob
1235 3202 1394 3264 leodien·-

342 3303 420 3364 sium
437 3317 561 3376 metum,
577 3303 706 3364 heroldis
718 3303 885 3382 ingressum
899 3303 1070 3381 petentibus
1084 3312 1115 3363 et
1129 3305 1260 3383 legatum
1272 3304 1378 3365 adesse

374 3605 413 3667 (l)
429 3602 502 3652 Liscz
513 3616 591 3666 opere

374 3687 414 3752 (ii
430 3689 532 3740 Scilicet
546 3689 701 3739 leodienses.

374 3777 411 3837 (ὅ)
431 3775 503 3825 Liscz
512 3789 568 3840 per.

375 3862 410 3920 (lt
432 3861 533 3912 Scilicet
547 3860 730 3924 Trajccteosos.

373 3947 410 4010 (ὅ)
430 3946 502 3996 Lisez
515 3948 613 3997 leontis.
