3102 4914
215 528 217 532 ,
378 455 391 482 x
539 531 542 537 ,
594 427 721 524 ter>

149 598 164 632 a
191 571 348 652 presertim
381 569 605 638 dissidentibus,
635 549 886 640 conlaudantibus
918 571 1112 648 quibuslibet,
1140 575 1176 636 ad

147 697 166 734 r
190 691 292 754 pacem
314 683 343 732 ct
364 671 494 750 quietem
517 671 679 749 plurimum
702 671 886 734 collaturam.
916 675 1022 751 Atque,
1044 687 1079 734 ut
1097 695 1131 735 ea
1146 676 1176 734 in

147 770 175 834 >r⁴
189 793 222 835 re
243 753 425 834 conficienda
448 770 562 831 facilius
577 761 753 852 'prosperari
776 773 884 847 valeas,
902 775 1034 852 supremi
1052 777 1178 853 pastoris

134 869 163 936 'u
186 875 317 935 officium
332 873 497 933 liberaliter
510 873 676 948 exibemus,
691 875 881 936 coneedendo
897 875 960 950 tibi,
977 876 1084 936 barum
1099 879 1176 938 serie

144 1001 162 1036 u
186 980 367 1045 litterarum,
393 995 429 1035 cx
454 988 533 1036 certa
559 985 660 1036 nostra
687 976 827 1056 scientia,
855 979 972 1056 plenam
995 988 1025 1038 ct
1049 979 1173 1040 liberam

143 1101 161 1136 u
185 1071 360 1157 potestatem
378 1096 411 1134 ac
424 1077 592 1136 laenitatem
605 1077 820 1150 consentiendi,
831 1079 1005 1138 auctoritate
1022 1091 1132 1149 nostra,
1144 1080 1175 1140 in

143 1202 161 1238 a
185 1181 407 1244 conventiones.
430 1179 555 1254 capitula
578 1196 755 1254 quecunque
777 1179 856 1266 inter
877 1197 1072 1257 quoscunque
1087 1170 1173 1241 dissi·

144 1304 162 1338 o
185 1281 300 1351 dentes,
316 1281 346 1338 in
362 1279 543 1354 civitatibus,
559 1278 727 1339 diocesibus
742 1289 772 1338 et
787 1265 857 1340 locis
868 1282 1057 1360 supradictis,
1068 1291 1097 1341 et
1109 1302 1174 1361 pre·

143 1405 160 1439 »
183 1383 286 1441 sertim
309 1383 387 1439 inter
409 1379 609 1440 uenerabilem
631 1379 755 1439 fratrem
782 1389 918 1440 nostrum
938 1381 1119 1440 ludovicum
1138 1382 1175 1440 dc

142 1505 164 1562 »v
183 1483 342 1552 borbonio,
361 1481 533 1559 episcopum
557 1479 758 1553 leodiensem,
778 1501 812 1541 cx
830 1502 898 1552 una,
914 1501 946 1540 ac
961 1482 1082 1542 dilectos
1098 1483 1173 1543 filios

141 1607 158 1642 n
181 1584 427 1662 burgimagistros
450 1602 565 1642 necnon
585 1584 712 1662 juratos,
740 1585 886 1657 consules,
907 1585 1059 1656 officiatos
1086 1586 1173 1661 cives,

139 1707 158 1741 »
181 1686 408 1762 singularesque
448 1703 588 1760 personas
625 1685 749 1743 civitatis
787 1683 965 1758 leodiensis,
1005 1685 1174 1761 opidorum,

139 1808 159 1842 n
183 1787 345 1864 patriarum
361 1795 398 1842 et
418 1785 620 1844 dominiorum
637 1784 849 1864 predictorum,
870 1785 1003 1863 partibus
1019 1805 1053 1845 ex
1070 1788 1171 1857 altera,

140 1909 158 1943 r>
182 1888 299 1945 ratione
320 1897 469 1944 certarum
491 1875 738 1956 differentiarum,
763 1897 821 1944 tam
845 1887 958 1944 ratione
973 1885 1170 1962 jurisditionis

135 2008 157 2072 J)
181 1987 366 2063 aliarumque
388 2004 500 2060 rerum,
523 2005 555 2044 ac
577 1986 664 2044 ctiam
688 1987 906 2044 sententiarum
931 1971 1056 2046 latarum
1073 1998 1102 2046 et
1117 2004 1171 2064 per

138 2108 156 2142 n
181 2105 235 2146 nos
247 2086 502 2156 confirmatarum,
516 2085 739 2162 quomodolibet
750 2099 891 2164 concepta
905 2106 955 2146 scu
965 2087 1170 2165 concipienda,

139 2211 157 2244 n
181 2175 252 2248 inita
265 2199 293 2246 et
305 2187 425 2246 inicnda
438 2190 488 2262 ll),
500 2188 639 2266 (quorum
652 2189 786 2248 omnium
800 2198 828 2247 ct
841 2189 1026 2266 singulorum
1040 2199 1170 2257 tenores,

139 2312 158 2346 n
181 2289 254 2348 acsi
272 2289 308 2348 do
324 2289 416 2349 verbo
435 2291 470 2348 ad
487 2288 612 2348 verbum
631 2290 1051 2367 insererenturpresentibus,
1068 2291 1170 2351 haberi

139 2413 157 2447 »
183 2389 319 2449 volomus
341 2408 394 2468 pro
416 2391 585 2466 expressis),
610 2409 661 2448 sen
685 2391 773 2450 etiam
795 2392 852 2466 illa,
868 2393 969 2452 eadem
986 2393 1169 2463 auctoritate,

138 2512 157 2547 n
181 2505 249 2549 cunr
266 2491 519 2550 moderationibus
532 2500 562 2549 et
576 2490 850 2552 limitationibusdc
865 2493 974 2569 quibus
992 2493 1042 2552 tibi
1056 2493 1168 2552 videbi·

138 2614 156 2648 n
182 2605 240 2664 tur,
252 2593 433 2670 acceptandi,
442 2592 613 2664 roborandi,
626 2593 824 2654 confirmandi
835 2592 872 2652 de
884 2613 1022 2671 novoque
1033 2594 1169 2664 faciendi,

138 2714 156 2748 »
180 2693 378 2771 componendi
408 2703 437 2752 et
465 2693 672 2763 confirmandi,
704 2712 818 2752 necnon
848 2712 951 2753 omncs
981 2706 1011 2752 et
1039 2695 1170 2772 singulos

139 2815 157 2850 n
181 2793 325 2866 delectus,
348 2797 371 2852 si
393 2793 444 2870 qui
465 2794 565 2853 forsan
587 2795 803 2852 intervenerint
819 2795 848 2853 in
864 2792 985 2869 eisdem,
1001 2792 1169 2873 supplendi,

88 2939 91 2944 ,
138 2916 157 2952 >a
181 2895 313 2972 ipsisque
327 2894 575 2973 burgimagistris,
583 2895 701 2972 juratis,
711 2895 1045 2967 consulibusollrciatis,
1057 2895 1171 2954 civibus

139 3017 157 3052 >r
180 2995 304 3072 aliisque
323 2995 524 3075 singularibus
545 2998 679 3072 personis
700 2984 850 3074 predictis,
866 3008 896 3056 et
911 2996 1170 3078 inaximedccanis

138 3118 157 3152 >a
180 3104 211 3154 et
229 3096 365 3174 capitulis
386 3096 843 3156 secundariorumecclesiarum
865 3097 942 3155 dicte
957 3096 1081 3156 civitatis
1097 3099 1171 3156 Leo-

137 3219 157 3254 »
180 3197 301 3270 diensiS,
313 3197 467 3257 humiliter
476 3198 654 3274 petentibus,
664 3217 782 3264 omnem
793 3191 1027 3278 indignationem
1038 3207 1168 3257 nostram

137 3319 157 3354 >2
180 3307 210 3356 et
225 3299 314 3357 etiam
332 3317 484 3358 rancorem
497 3299 527 3358 in
543 3318 593 3358 eos
609 3308 731 3379 propter
745 3299 937 3364 rebellionem
950 3311 979 3358 et
995 3297 1169 3358 inobedien-

137 3421 156 3457 π
181 3401 250 3458 tiam
274 3401 409 3479 ipsorum
439 3421 493 3478 per
517 3420 571 3460 nos
593 3401 864 3479 quomodocunque
888 3412 1071 3478 conceptam,
1091 3399 1168 3458 dicta

138 3523 157 3557 »
180 3504 354 3563 auctoritate
376 3504 546 3582 deponendi
571 3517 600 3564 ct
621 3503 813 3579 remietendi;
837 3503 958 3564 tollendi
981 3515 1127 3582 preterea,
1143 3503 1167 3562 si

137 3625 157 3661 n
180 3606 340 3681 expediens
356 3606 448 3665 luerit
460 3618 489 3665 et
501 3605 554 3666 tibi
567 3605 606 3666 ita
618 3606 777 3678 videbitur,
789 3616 879 3683 atque
890 3606 1042 3678 relaxandi
1052 3604 1167 3683 simpli-

138 3727 157 3763 »
179 3707 253 3766 citer
266 3707 457 3769 interdictum
473 3729 506 3768 ae
521 3729 625 3769 omnes
640 3721 669 3769 ct
683 3710 815 3790 singulos
829 3727 983 3786 processus
998 3727 1031 3766 ae
1046 3716 1167 3768 senten·

135 3829 155 3864 »
179 3807 241 3879 tias,
254 3827 394 3869 censuras
405 3819 435 3870 et
447 3829 537 3887 penas
550 3813 820 3889 quomodocunque
831 3819 862 3873 et
872 3809 1120 3886 qualitercunque
1135 3827 1168 3868 ac

169 4033 207 4099 (t)
223 4002 296 4086 trsez
306 4002 428 4088 certunm,
