3088 4926
599 437 612 520 t
640 434 687 507 n
716 437 731 530 )

191 574 236 633 ud
248 592 362 634 nonum
373 593 381 632 z
394 572 587 652 restringitur
599 590 653 650 per
664 573 755 632 istum
768 572 927 633 articulum
939 575 1061 634 facultas
1069 575 1182 637 domini

151 672 332 735 leodiensis.
354 683 362 695 '

191 773 235 833 Ad
248 774 322 852 xijm:
336 773 454 833 videtur
466 772 628 852 expediens
641 773 722 851 quod
735 792 840 834 omnes
855 775 981 852 pecunie
992 793 1051 853 que
1062 775 1184 836 venient

150 893 185 934 cx
203 871 377 934 lermeturi'a
390 884 627 952 remaneautpro
635 873 857 960 reedificatione
869 875 1021 934 viarumet
1034 876 1182 955 pontium.

192 976 237 1035 Ad
251 986 319 1034 xtxm
333 995 341 1034 ε
354 973 548 1052 provideatur
563 975 700 1035 similiter
721 975 757 1036 de
773 975 858 1036 bonis
877 995 1073 1054 personarum
1090 980 1183 1038 eecle-

150 1076 335 1137 siasticarum
355 1086 444 1156 prout
459 1075 496 1136 de
517 1077 603 1136 bonis
620 1078 819 1136 ecclesiarum.

191 1179 236 1238 Ad
264 1179 363 1255 xxije:
387 1175 506 1236 videtur
532 1187 612 1237 totus
633 1176 830 1256 prejuditialis
853 1177 975 1238 ecclesie
1005 1177 1183 1250 leodiensis,

149 1277 278 1337 maxime
290 1279 320 1337 in
333 1278 404 1338 locis
415 1276 540 1338 dominii
552 1277 687 1337 comunis
693 1297 703 1351 3
715 1288 745 1336 et
760 1278 848 1337 etiam
862 1278 960 1354 quoad
968 1287 1128 1351 resortum,
1137 1279 1181 1337 vel

150 1376 255 1437 saltem
276 1377 414 1437 similiter
432 1377 636 1437 eximerentur
657 1377 720 1436 laea
743 1377 838 1456 patrie
853 1375 966 1437 domini
983 1377 1181 1438 leodiensisa

150 1487 266 1537 resorto
280 1476 380 1537 fiendo
395 1477 425 1537 iu
441 1477 544 1557 patriis
560 1476 652 1536 ducis.

192 1578 237 1637 nd
251 1578 369 1656 xxiiije:
387 1576 580 1656 provideatur
594 1589 735 1654 expresse
756 1594 809 1655 per
831 1576 920 1636 verba
936 1577 1133 1656 competentia
1149 1587 1183 1636 ut

151 1677 207 1738 soli
221 1680 479 1739 contravenientes
493 1677 534 1736 illi
550 1676 684 1751 articulo,
698 1674 797 1753 quoad
811 1694 947 1754 guerram
963 1678 1142 1738 movendam
1152 1687 1182 1737 et

150 1778 239 1858 ligam
263 1777 439 1852 faciendam,
459 1778 617 1836 incurrant
638 1794 745 1856 penam
760 1775 833 1835 inibi
848 1775 1038 1855 descriptam,
1059 1778 1124 1837 sine
1146 1796 1181 1838 eo

151 1877 233 1956 quod
250 1889 306 1938 tota
324 1879 418 1955 patria
440 1888 491 1938 aut
512 1877 686 1937 innocentes
705 1874 813 1935 exinde
834 1876 999 1954 puniantur
1019 1885 1071 1936 aut
1084 1878 1181 1956 impe-

152 1989 264 2038 tantur.
279 1979 380 2053 Quoad
396 1997 478 2038 arma
491 1997 562 2037 vero
580 1989 610 2038 et
623 1979 824 2038 instrumenta
836 1976 941 2036 bellica
956 1977 1101 2051 iacienda,
1115 1997 1181 2058 pro·

153 2079 290 2138 videatur
304 2081 391 2139 etiam
413 2081 590 2140 anctoritate
612 2090 641 2139 et
656 2098 710 2158 per
724 2077 857 2138 medium
873 2079 987 2139 domini
1003 2078 1182 2151 leodiensis,

152 2182 216 2242 veri
231 2180 343 2240 domini
367 2182 472 2260 patrie,
497 2181 576 2259 quod
598 2181 664 2240 lieri
687 2181 803 2261 possint
823 2199 905 2240 arma
928 2200 983 2261 pro
1005 2177 1132 2242 tuitione
1154 2191 1183 2242 et
1237 2245 1238 2249 ,

150 2285 389 2342 conservationes
404 2285 448 2360 (l)
464 2281 575 2343 domini
586 2282 671 2354 ,cleri
687 2295 718 2342 et
732 2283 846 2361 patriae.
862 2311 865 2318 ·

191 2382 234 2441 Ad
250 2382 338 2461 xxvjm
354 2383 495 2443 :videtur
516 2384 614 2460 potins
636 2395 739 2444 contra
758 2383 837 2461 juris
858 2383 1085 2463 dispositionem
1108 2394 1138 2443 et
1152 2384 1183 2443 in

151 2484 344 2563 prejuditium
361 2485 505 2554 Ecclesie;
521 2485 572 2544 sed
588 2486 787 2545 constituatur
801 2484 943 2546 defensor
954 2493 1057 2544 contra
1076 2496 1183 2563 poten-

152 2585 223 2643 tiam
237 2584 380 2662 majorem
396 2585 570 2660 requisitus,
582 2586 627 2646 vel
641 2584 692 2645 fiat
705 2596 885 2664 perpetuum
896 2584 983 2644 ledus
995 2584 1075 2646 inter
1086 2584 1182 2645 domi-

151 2702 225 2745 num
240 2684 414 2764 episcopum
430 2696 459 2745 et
475 2686 627 2745 ecelesiam
643 2687 846 2746 Leodiensem.

191 2783 236 2844 Ad
252 2785 362 2861 xxviijm
377 2804 384 2842 ε
400 2771 547 2863 quantum
560 2786 695 2864 loquitur
710 2785 747 2847 de
759 2785 922 2857 advocatie,
937 2784 1058 2844 videtur
1078 2786 1180 2846 dieen-

151 2885 222 2946 dum
232 2896 265 2944 ut
276 2885 307 2943 in
318 2884 401 2963 xxvj⁰
409 2885 532 2945 articulo
540 2885 652 2945 dictum
661 2895 720 2960 est3
732 2894 831 2965 posset
843 2884 983 2944 tamenin
995 2903 1063 2944 casu
1074 2884 1182 2945 sederis
1227 2901 1229 2906 ·

149 2984 249 3065 (ledus
274 3004 334 3046 non
359 2987 524 3066 reprobant
541 2987 611 3065 jure
636 2986 687 3048 sed
709 2987 931 3048 advocationem
951 3004 1018 3046 cum
1044 2986 1181 3064 pluribus

150 3086 337 3166 nominibus)
353 3089 477 3166 preteeti
492 3099 544 3148 aut
558 3087 727 3148 defensoris
742 3087 816 3148 ratio
832 3087 869 3147 de
884 3087 1010 3166 pecunia
1026 3086 1141 3148 haberi.

192 3185 237 3245 Ad
252 3186 340 3245 xxixm
351 3186 511 3246 articulum
523 3206 531 3248 ε
543 3195 588 3246 est
599 3187 724 3247 nimium
735 3187 1113 3266 prejuditialis'reipubliee,
1124 3189 1182 3248 nisi

152 3303 208 3365 per
221 3303 389 3346 successum
408 3285 495 3346 fieret
511 3287 653 3347 transitus
667 3298 698 3347 et
716 3287 779 3348 sine
799 3285 961 3366 prejuditio
979 3287 1112 3348 locorum
1128 3307 1182 3366 per

152 3404 212 3464 que
227 3385 279 3446 fiet
294 3387 448 3447 transitus.

192 3485 347 3562 cdxxxjr,
361 3475 392 3545 in
407 3485 479 3560 line,
495 3483 546 3545 ubi
562 3485 673 3546 mentio
693 3484 728 3546 fit
747 3485 784 3545 de
802 3486 972 3546 advocatia:
990 3486 1183 3566 provideatur

151 3594 186 3644 ut
201 3602 291 3661 supra
302 3585 334 3644 in
350 3584 431 3663 xxvj⁰
445 3583 582 3645 articulo.

191 3685 236 3744 Ad
247 3685 347 3764 xxxij¹²¹
364 3704 371 3744 ι
382 3685 587 3764 provideatur,
600 3684 699 3764 quoad
711 3685 946 3761 demolitionem,
958 3704 996 3745 ne
1008 3685 1133 3744 ulterius
1143 3685 1182 3744 ad

186 3949 223 4014 (l)
242 3951 527 4004 Lisenconserootionc.
625 3985 628 3991 -

237 4042 302 4098 unx.
324 4055 473 4098 oneratos.
