3088 4926
596 425 750 524 (ror)

153 564 298 642 paulatim
313 582 417 624 versus
430 563 579 623 civitatem
595 581 663 623 cum
678 563 735 624 illis
752 565 895 624 militibus
912 567 1086 644 procederet
1105 572 1184 648 lega-

134 681 138 690 “
154 675 279 743 tumque
294 667 325 725 in
341 666 385 724 via
402 673 572 742 expectaret
592 665 686 725 donec
708 665 889 726 conduceret
911 667 1132 727 llunrbercourt
1155 670 1184 729 in

155 765 324 846 proximum
346 765 488 826 tutiorem
510 765 623 839 locum;
640 765 740 842 sicque
759 767 930 826 conclusum
947 779 989 827 cst
1005 779 1048 843 ot,
1064 769 1186 829 consilio

153 866 312 941 dissoluto,
337 874 420 924 extra
446 867 568 925 domum
590 866 620 925 in
643 866 741 926 vicum
767 867 927 941 exivimus,
950 867 1002 926 ubi
1020 867 1081 945 jam
1105 879 1184 930 totus

157 967 363 1027 leodiensium
384 977 414 1025 ct
434 966 652 1044 'tongrensium
673 985 863 1046 compressus
885 970 1013 1048 populus
1035 987 1185 1031 convene-

155 1078 233 1142 rant,
247 1068 292 1127 rei
306 1067 418 1127 exitum
434 1077 645 1146 expectantes:
663 1069 714 1144 qui
737 1079 817 1129 tanta
839 1069 1011 1129 alacbritate
1033 1081 1062 1130 et
1081 1082 1185 1150 gratu-

153 1170 265 1230 latione
285 1181 315 1229 et
332 1169 470 1247 jocundis
492 1169 612 1230 vocibus
634 1188 688 1230 nos
709 1188 811 1230 omnes
833 1183 862 1230 et
884 1173 1057 1250 episcopum
1084 1191 1185 1232 susce-

154 1293 236 1354 pere,
259 1285 291 1332 ut
313 1274 362 1332 vix
383 1273 483 1351 lingua
505 1276 601 1334 carnis
625 1260 715 1353 possit
738 1276 922 1354 exprimere;
939 1277 1114 1354 elevatoque
1131 1295 1185 1355 per

152 1395 204 1437 eos
229 1375 342 1435 nobiles
368 1375 403 1434 ad
431 1394 537 1434 manus
562 1377 700 1455 episeopo
726 1388 755 1437 et
780 1396 873 1454 super
896 1396 1007 1454 equum
1031 1379 1183 1456 imposito,
1199 1389 1329 1448 Suscipitur
1356 1389 1445 1456 onisco·-
1501 1415 1506 1431 t

149 1476 305 1537 letabundi
330 1497 382 1555 per
403 1479 482 1537 vicos
505 1487 533 1535 et
556 1476 665 1554 plateas
687 1479 837 1537 cervicum
859 1491 889 1538 et
912 1497 1055 1538 nranuum
1070 1479 1183 1558 ingenti
1227 1447 1447 1565 iiigarahrioerliiiif

153 1578 259 1656 plausu
277 1578 487 1651 discurrentes,
503 1596 597 1655 usquc
612 1578 647 1636 ad
663 1578 759 1637 celum
773 1578 918 1655 jocundas
941 1581 1066 1639 emisere
1089 1599 1185 1654 voces,
1227 1570 1305 1682 pppster
1333 1563 1357 1608 ³¹¹
1383 1563 1446 1609 T⁰¹¹'

154 1699 244 1740 omne
260 1679 370 1739 bellum
385 1679 514 1757 sopitum
531 1687 768 1758 perpetuamque
783 1681 940 1740 stabilitam
962 1699 1064 1758 pacem
1085 1683 1185 1743 existi·

155 1790 286 1853 mantes3
298 1781 349 1856 qui
363 1798 434 1839 vero
449 1799 465 1838 a
481 1780 573 1858 patria
591 1779 708 1857 profugi
722 1799 757 1839 cx
770 1781 860 1838 Gallia
875 1781 1037 1856 redierant,
1050 1783 1183 1842 certatim

153 1881 190 1941 ad
205 1881 334 1958 episcopi
353 1900 450 1960 genua
471 1881 629 1958 provoluti,
650 1881 773 1958 gratiam
797 1881 870 1959 ejus,
894 1900 994 1958 pacem
1014 1894 1044 1941 et
1066 1883 1182 1941 veniam

154 1983 308 2044 humiliter
322 1983 512 2060 postulabant
527 2001 534 2041 :
549 2001 624 2059 quos
639 1983 796 2061 episcopus
811 1984 936 2042 comiter
950 1992 978 2042 et
994 1983 1102 2043 blande
1117 2003 1183 2042 sus-

152 2090 264 2161 ceptos,
281 2084 328 2162 pie
343 2084 524 2162 amplectens
544 2084 627 2143 etad
650 2083 821 2143 fidelitatem
845 2085 1005 2161 recipiens,
1020 2086 1136 2144 veniam
1157 2095 1187 2142 et

153 2186 360 2246 remissionem
375 2186 412 2246 de
426 2185 548 2246 offensis
565 2186 716 2264 preteritis
735 2185 917 2262 indulgebat,
940 2205 998 2245 non
1019 2187 1083 2245 sine
1102 2196 1185 2246 utro-

155 2307 284 2364 rumque
296 2288 342 2364 pia
354 2287 563 2346 laclrrimeruur
580 2286 736 2346 effusione.
748 2289 845 2363 Atque
859 2288 897 2347 ita
911 2288 1042 2366 jocunde
1056 2307 1124 2346 cum
1139 2288 1186 2347 his

155 2403 239 2451 extra
250 2390 373 2469 opidum
390 2390 540 2469 proiectus
557 2398 611 2464 est,
628 2389 722 2448 tribus
738 2400 789 2448 aut
804 2401 933 2465 quatuor
944 2407 979 2448 ex
992 2391 1054 2449 suis
1068 2389 1187 2449 lamilia-

157 2492 241 2562 ribus
263 2491 431 2551 domesticis
453 2490 650 2550 existentibus
672 2509 771 2549 seeum
785 2509 792 2549 ε
808 2509 876 2549 nam
899 2509 1003 2549 omnes
1021 2490 1084 2561 alii,
1105 2500 1187 2550 metu

160 2593 363 2653 Leodieusium
375 2591 482 2661 territi,
495 2592 524 2650 ln
538 2589 670 2649 tenebris
687 2590 779 2649 noctis
791 2590 828 2649 ad
842 2591 975 2668 proxima
992 2608 1110 2666 queque
1124 2589 1186 2648 loca

156 2691 363 2771 confugerant.
376 2690 490 2750 Lucrati
502 2702 572 2749 sunt
584 2698 669 2749 nocte
681 2690 729 2750 illa
746 2690 922 2750 Leodienses
938 2691 1015 2748 ultra
1032 2690 1090 2749 duo
1107 2690 1186 2749 milia

143 2793 303 2870 ‘equorum
321 2811 355 2853 ex
375 2791 544 2870 Bnrgundis
562 2803 591 2850 et
609 2791 700 2850 multa
718 2810 822 2851 eorum
839 2791 1050 2869 impedimenta
1068 2802 1097 2850 et
1117 2810 1187 2869 sup-

156 2895 311 2974 pellectilia
326 2893 376 2974 (l).

198 2996 329 3073 legatus,
343 2993 472 3052 dimissis
493 2992 609 3052 duobus
632 3012 667 3052 ex
688 2994 749 3053 suis
772 2993 939 3054 domesticis
961 2993 997 3052 ad
1019 2990 1183 3052 custodiam
1199 3009 1329 3077 tonuerit·
1356 3008 1446 3114 topatus

156 3095 289 3172 corporis
304 3095 434 3172 magistri
452 3094 573 3154 liuberti
588 3113 678 3173 supra
694 3092 839 3154 nominati
855 3092 906 3174 (2),
923 3096 954 3154 in
971 3093 1108 3153 cubiculo
1131 3112 1184 3152 suo
1212 3067 1374 3174 ξξζξὲξξέηξᾎ
1397 3080 1447 3173 ffiss,

157 3196 337 3255 semianimis
351 3195 475 3273 jacentis
495 3195 661 3273 (eratenim
677 3195 778 3254 multis
794 3194 1005 3254 Leodicnsibus
1029 3193 1185 3254 infestissi-
1214 3191 1268 3232 ¹⁰¹³·

158 3314 235 3371 mus,
246 3295 482 3356 existimantibus
498 3295 562 3373 ejus
576 3295 699 3355 consilio
715 3294 868 3354 inductum
884 3296 1057 3372 episcopum
1069 3294 1106 3353 ad
1121 3313 1186 3354 om-

190 3603 227 3667 (l)
243 3603 318 3652 Lisez
328 3601 506 3664 supellectilia

189 3688 227 3752 (2)
243 3688 337 3738 Robert
349 3687 380 3738 de
392 3685 528 3737 llorialme.
541 3685 578 3734 Gi.
590 3685 721 3735 ci·dessus
734 3697 810 3747 pages
822 3686 855 3735 lb
867 3692 893 3734 et
904 3685 945 3735 at.
955 3685 1097 3744 Coruinus,
1106 3685 1146 3734 liv.
1158 3684 1189 3744 ll,

157 3775 230 3838 chop.
247 3777 272 3835 7,
289 3775 326 3824 dit
343 3775 375 3824 de
392 3787 421 3823 ee
439 3785 595 3836 personnage
615 3771 677 3834 qu’it
697 3789 708 3818 r
728 3771 803 3822 estoit
823 3771 874 3842 lprt
895 3771 965 3832 privt
985 3772 1059 3821 dudit
1077 3783 1188 3833 evesque

158 3861 235 3912 Louis
247 3861 278 3912 de
293 3861 417 3917 Boudion,
433 3872 484 3923 quo
502 3858 627 3922 plusieurs
640 3856 694 3920 loys
706 3857 795 3921 i’avoie
809 3869 856 3906 reu
868 3856 937 3907 armti
953 3859 985 3907 de
1001 3863 1086 3907 toules
1104 3857 1188 3919 pisces

159 3948 233 4013 apres
245 3961 290 3999 son
303 3948 407 3998 maistre
419 3964 443 3996 ι.
