3088 4926
520 439 755 537 ¹(nc)

166 602 183 637 »
199 579 320 644 exilium
343 580 462 639 illorum
487 579 621 638 omnium
645 579 696 655 qui
721 578 751 638 in
777 577 855 640 bello
876 580 913 640 de
934 580 1086 642 Bruschen
1111 602 1193 645 arma

165 691 393 759 »sumpserunt
414 688 465 738 aut
485 687 639 758 presentes
665 679 765 752 luere,
787 679 839 756 qui
861 687 931 740 sunt
951 680 1040 741 bodie
1067 701 1193 744 numero

165 803 184 839 a
199 780 277 841 forte
304 779 409 860 viginti
435 780 549 857 milium
575 780 746 853 bominum,
769 798 898 858 quorum
924 780 973 841 bic
998 799 1102 862 magno
1126 801 1194 861 pars

165 902 183 938 o
198 899 319 954 snmus3
332 889 363 939 et
376 879 449 939 illud
464 881 505 958 (l)
521 897 559 939 ne
573 879 680 956 aliquis
696 879 893 958 imposterum
915 899 997 940 arma
1020 891 1122 942 tenere
1143 894 1194 942 aut

165 1003 183 1038 n
199 981 318 1044 deferre
339 982 377 1041 sit
397 999 487 1040 ausus
508 981 539 1040 in
562 989 622 1040 tota
646 979 748 1058 patria}
767 982 810 1040 Dc
829 981 1002 1059 juramento
1024 983 1192 1044 officialium

165 1104 182 1139 n
199 1083 289 1142 totius
300 1081 395 1161 patrie
407 1081 570 1162 prestando
583 1081 613 1140 in
629 1081 766 1142 manibus
779 1081 892 1142 domini
908 1079 990 1142 ducis
1005 1084 1051 1144 vel
1067 1102 1191 1144 suorum

164 1204 183 1240 »
198 1185 410 1263 deputatorum
424 1184 456 1242 in
470 1182 580 1262 oppido
597 1181 781 1257 Lovaniansi‚
795 1193 825 1242 et
841 1181 925 1260 plura
940 1183 1046 1243 similia
1061 1203 1120 1263 que
1130 1184 1192 1262 jam

165 1306 183 1342 a
195 1285 281 1362 juxta
296 1285 390 1362 legem
407 1283 514 1344 sederis
529 1282 762 1364 Bnrgundorum
781 1301 869 1343 sensu
890 1283 1068 1344 intellectam
1087 1286 1192 1346 violata

166 1408 184 1443 >³
199 1395 309 1446 suntet
320 1385 454 1464 reparari
466 1404 524 1445 non
539 1396 672 1464 possunt,
684 1385 740 1445 nisi
754 1385 877 1446 exilium
889 1403 1078 1446 resumamus
1089 1387 1192 1446 omncs

164 1509 183 1545 »
198 1499 228 1548 ct
242 1489 272 1548 in
288 1487 368 1547 silvis
380 1486 552 1547 moribundi
567 1485 744 1546 redeamus:
759 1483 840 1564 quod
853 1485 939 1547 nobis
951 1487 1061 1546 nedum
1074 1486 1193 1549 difficile

164 1611 183 1646 a
199 1589 250 1650 sed
265 1586 447 1666 impossibile
460 1599 514 1658 est,
527 1596 556 1648 et
567 1599 647 1647 certe
662 1587 767 1647 durius
781 1587 844 1666 ipsa
858 1597 962 1647 morte.
975 1587 1090 1648 Placeat
1103 1589 1194 1668 igitur

165 1710 183 1747 n
200 1689 445 1751 excellentissimo
460 1688 631 1769 Burgundio
652 1689 719 1748 duci
740 1698 770 1749 ot
789 1688 827 1748 sit
848 1695 1006 1748 contentus
1021 1702 1054 1749 ut
1069 1690 1193 1750 satisfiat

165 1812 183 1848 a
198 1789 256 1850 sibi
271 1809 326 1868 per
340 1790 466 1868 patriam
482 1788 520 1849 de
534 1788 673 1848 omnibus
688 1787 826 1868 dampnis
848 1799 878 1848 et
895 1789 1038 1866 impensis
1061 1788 1116 1849 sibi
1139 1808 1194 1868 per

165 1915 183 1950 n
200 1910 254 1954 nos
275 1891 383 1964 inlatis,
405 1902 436 1951 et
456 1910 494 1950 ne
515 1891 709 1970 imposterum
731 1901 834 1950 contro
855 1889 953 1968 ipsum
977 1900 1006 1951 et
1027 1909 1096 1950 suos
1110 1909 1193 1952 arma

165 2015 183 2050 o
199 2010 351 2053 sumamus
376 1993 423 2051 uel
446 1990 611 2051 inieramus
635 1990 779 2068 dampna,
800 1999 891 2069 prout
914 2009 968 2067 per
987 1991 1090 2068 ¹ipsum
1113 1993 1192 2069 pacis

165 2101 357 2153 »tractatum
377 2101 559 2152 conventum
575 2101 629 2151 est.
645 2092 687 2150 De
701 2090 825 2164 reliquis
844 2109 927 2162 vero,
950 2090 973 2150 si
997 2092 1070 2168 quid
1090 2102 1191 2152 contra

163 2216 182 2251 »
197 2194 304 2254 ducem
326 2193 441 2272 egimus
462 2204 514 2252 out
532 2192 631 2271 ipsum
646 2210 754 2251 suosve
766 2189 958 2264 offendimus,
974 2191 1137 2254 subicimus
1152 2195 1193 2271 (b)

165 2317 183 2352 »
199 2313 252 2356 nos
278 2302 369 2374 prout
389 2295 474 2354 dccet
496 2303 664 2353 vestrorum
687 2290 844 2352 amborum
864 2291 976 2370 judicio
1001 2301 1031 2352 et
1056 2293 1193 2373 imperio,

164 2419 182 2456 a
197 2399 250 2476 qui
271 2397 326 2456 soli
347 2404 484 2456 nostrum
503 2394 616 2456 domini
630 2393 700 2454 estis
715 2405 745 2454 ct
758 2393 868 2472 quihus
884 2412 988 2472 parere
1005 2413 1058 2454 nos
1073 2413 1192 2456 necesse

163 2520 182 2556 a
198 2509 252 2560 est.
269 2500 325 2558 Pro
340 2497 387 2558 his
402 2495 596 2557 observandis
617 2514 648 2555 se
670 2505 788 2575 paratos
809 2493 927 2554 obsides
950 2494 1020 2554 dare
1043 2505 1073 2554 ct
1093 2497 1191 2556 omnia

163 2619 181 2656 a
196 2598 341 2678 imperata
363 2597 533 2674 facereque
548 2596 660 2674 legatus
675 2603 705 2655 et
718 2593 876 2674 episcopus
891 2593 1106 2669 «ordinaverint,
1119 2614 1192 2656 con·
1245 2588 1247 2592 ⁸

164 2720 181 2756 a
197 2699 359 2771 soluerint,
372 2697 526 2776 jusserint.
546 2698 681 2773 Cumque
695 2695 799 2755 civitas
814 2695 983 2755 leodiensis
1006 2695 1062 2756 hoc
1083 2696 1191 2777 insigni

164 2800 283 2860 »titulo
304 2799 484 2878 gloriaretur
504 2798 534 2856 in
556 2797 618 2857 suis
639 2794 790 2857 veteribus
811 2797 1025 2866 monumentis,
1047 2797 1148 2876 sigillis
1163 2809 1193 2858 et

164 2925 182 2960 a
197 2901 297 2974 armis,
315 2899 453 2959 videlicet
465 2898 571 2980 Lepta,
585 2905 686 2960 sancte
702 2900 835 2958 Romane
849 2893 965 2957 ecclesie
977 2895 1059 2979 filio,
1076 2899 1192 2978 ipsique

164 3026 182 3062 a
197 3001 319 3064 ecclesie
341 3000 419 3060 beati
443 2998 594 3060 Lamberti
620 3009 649 3058 et
674 2999 881 3078 cpiscoporum
906 2997 1113 3059 leodiensium
1136 3019 1191 3079 pro
1290 3053 1294 3066 x

163 3126 181 3162 a
198 3113 334 3182 tempore
354 3101 577 3164 succedentium
603 3097 714 3160 subditi
738 3109 768 3160 et
792 3099 971 3180 homogiales
996 3112 1108 3176 essent,
1132 3101 1189 3163 ini-

163 3225 181 3262 »
196 3223 290 3283 quum
306 3221 369 3263 esse
384 3212 446 3262 uta
462 3201 648 3281 principibus
663 3199 858 3273 secularibus,
873 3208 903 3259 et
918 3199 1071 3278 potissime
1085 3221 1101 3261 a
1115 3200 1191 3262 duce

163 3327 181 3362 a
196 3303 368 3384 Burgundio
379 3303 432 3381 'qui
448 3301 608 3362 catholicus
623 3312 653 3362 et
667 3301 821 3380 religiosus
836 3301 1000 3380 plurimum
1021 3301 1100 3362 inter
1117 3303 1190 3364 alios

164 3431 182 3466 ³>
197 3417 255 3480 est,
271 3414 315 3464 tot
329 3403 471 3464 molestiis
491 3413 520 3462 et
538 3402 745 3462 vexationibus
767 3411 943 3475 atterantur,
964 3403 1191 3482 conprimuntur

164 3527 182 3564 a
197 3515 276 3568 etex
292 3503 394 3565 liberis
408 3505 438 3563 in
454 3512 630 3582 perpetuam
644 3500 819 3581 redigantur
833 3501 1017 3562 servitutem.
1034 3523 1051 3560 a

204 3609 268 3669 Non
281 3605 431 3686 displicuit
442 3605 537 3684 legato
553 3614 582 3666 ct
596 3603 734 3684 episcopo
745 3621 778 3661 ac
790 3601 925 3682 patribus
937 3601 1126 3670 ecclesiarum
1139 3602 1191 3680 qni

97 3911 99 3915 .
198 3845 235 3932 (t)
251 3867 353 3918 Scilicet
363 3865 516 3930 capitulum.

198 3955 235 4016 (⁶2)
254 3953 326 4004 bisez
337 3952 499 4014 substrictus.
