3088 4926
798 403 951 497 (tuti

358 544 406 604 nia
420 544 496 604 mola
511 562 570 621 que
583 545 659 622 passi
677 545 815 622 fucrant),
833 561 866 604 ao
881 510 1023 604 etiamad
1040 543 1272 606 custodiendum
1289 547 1389 607 omnia

357 645 488 725 episcopi
504 652 533 705 et
553 644 680 705 aliorum
700 643 836 704 omnium
857 643 1002 704 nobilium
1025 643 1078 720 qui
1098 643 1140 704 ibi
1162 656 1249 705 nocte
1270 645 1411 707 fuerant'

300 761 304 767 ·
357 746 571 827 suppellectilia
591 764 683 806 aurea
701 754 731 808 et
752 753 903 824 argentea,
921 742 1062 822 pecunias
1076 753 1106 802 et
1120 753 1306 806 armamenta
1319 747 1391 808 satia

358 850 486 928 pretiosa
501 848 571 930 (que
585 847 685 910 omnia
700 847 742 908 eis
757 847 849 908 inlesa
870 857 988 907 servata
1004 857 1033 906 et
1048 847 1186 924 restituta
1201 848 1293 928 suut),
1307 867 1392 910 vocc-

345 936 395 1012 ¹tis
409 960 439 1014 et
453 952 578 1012 retentis
593 968 693 1010 secum
708 949 858 1026 aliquibus
873 967 909 1008 ex
925 947 1141 1009 leodiensibus·
1157 948 1391 1022 comilitonibus,

357 1051 522 1112 Gnidonem
534 1050 756 1112 llumbercourt
768 1049 910 1128 usquead
923 1049 1020 1110 locum
1032 1051 1277 1112 Sancto-Tridoni
1293 1053 1392 1130 proxi-

358 1169 442 1212 mum
454 1158 552 1210 tntum
563 1150 721 1210 comitatus
733 1156 787 1221 est,
795 1149 893 1208 missis
905 1149 993 1209 etiam
1005 1167 1106 1208 seeum
1119 1151 1390 1229 usqueadopidum

360 1250 478 1312 duobus
495 1251 558 1310 suis
574 1249 770 1310 familiaribus
790 1250 880 1310 armis
896 1248 1045 1328 pontificis
1061 1250 1181 1310 maximi
1202 1251 1284 1312 Pauli
1302 1268 1393 1330 super

363 1365 460 1414 vestes
471 1354 633 1434 insignium
648 1372 707 1430 quo
718 1353 857 1427 abeunte,
868 1353 923 1413 hec
932 1352 971 1412 ab
982 1371 1017 1411 eo
1029 1353 1142 1432 legatus
1157 1366 1290 1416 extrema
1302 1355 1392 1416 verba

101 1482 349 1530 veroaflumueroonrt
363 1455 492 1534 suscepit
509 1475 515 1514 ε
532 1476 549 1511 a
565 1455 624 1513 Hec
641 1455 700 1514 vita
719 1453 859 1530 deinceps
876 1462 993 1525 tuaest,
1011 1460 1110 1531 peter;
1132 1472 1212 1513 nunc
1227 1473 1275 1514 me
1289 1455 1393 1516 vivum

132 1540 350 1645 ssgcfflfflminffi
365 1581 382 1616 n
404 1577 469 1619 esse
486 1556 628 1636 intelligo,
644 1554 752 1616 dubius
768 1575 860 1632 arsque
882 1555 913 1615 in
935 1554 1012 1615 hauc
1033 1555 1138 1615 boram
1159 1574 1197 1616 au
1219 1557 1322 1617 vivens
1343 1569 1394 1618 aut

365 1683 383 1718 ›>
405 1669 541 1720 mortuus
555 1675 664 1729 essem;
681 1665 765 1718 utere
786 1676 819 1716 ea
841 1657 1036 1734 imposterum
1051 1657 1093 1736 (l)
1109 1676 1163 1736 pro
1185 1665 1236 1718 tuo
1258 1657 1342 1719 libito
1364 1667 1393 1720 et

119 1781 247 1840 Responsio
258 1781 335 1842 legati.
364 1784 382 1818 ›>
404 1759 540 1840 imperio.
557 1781 574 1816 n
590 1758 631 1818 td
653 1758 709 1818 hec
729 1757 867 1836 legatus:
886 1757 1004 1830 «Quod
1027 1757 1083 1816 feci
1104 1757 1200 1817 libens
1215 1757 1270 1820 ieci
1285 1779 1291 1819 :
1309 1770 1339 1820 et
1352 1759 1395 1842 (2)

364 1884 381 1919 n
404 1863 466 1924 veri
480 1861 641 1922 sacerdotis
655 1859 793 1921 officium.
810 1860 853 1918 Tu
870 1867 970 1918 autem
983 1857 1083 1935 judica
1098 1859 1122 1918 si
1139 1879 1174 1920 ex
1190 1871 1240 1920 tua
1259 1862 1346 1941 culpa
1364 1861 1394 1921 in

365 1985 383 2020 »
404 1963 457 2022 bas
473 1961 601 2022 incidisti
616 1961 796 2020 calamitates
810 1971 840 2020 et
855 1959 995 2037 pericula,
1011 1969 1041 2021 et
1056 1962 1086 2021 in
1103 1973 1257 2040 posterum
1273 1962 1314 2022 sis
1328 1981 1397 2022 cau·

366 2086 384 2121 n
408 2063 465 2124 tior
476 2070 506 2122 et
517 2063 626 2138 mitior,
641 2073 671 2122 et
686 2063 748 2122 Deo
763 2063 871 2142 gratias
886 2060 988 2122 redde.
1004 2083 1022 2119 u
1040 2064 1075 2122 Et
1089 2081 1124 2123 eo
1138 2062 1271 2136 dimisso,
1286 2065 1399 2144 legatus

16 2234 17 2237 Ἴ
367 2183 435 2224 cum
447 2163 584 2224 comitiva
596 2183 648 2222 sua
662 2161 800 2223 Leodium
814 2163 932 2242 petebat
940 2183 948 2238 ;
964 2181 1168 2241 occursusque
1181 2164 1222 2243 (5)
1236 2163 1337 2226 multis
1348 2167 1399 2242 qui

69 2337 72 2341 ⁸
107 2281 221 2386 neptunio
266 2280 354 2347 regatus
369 2264 460 2345 prede
475 2263 553 2324 avidi
568 2263 692 2342 Tungris
707 2263 820 2323 intrare
836 2262 1034 2340 temptabant,
1051 2263 1206 2342 probibuit
1223 2276 1253 2325 et
1271 2266 1308 2325 ad
1327 2266 1400 2325 civi-

136 2338 355 2457 greggssssgssffi
370 2377 460 2428 tatem
472 2383 573 2426 secum
585 2363 725 2425 redducit
737 2363 780 2443 (l)
791 2373 824 2424 ut
839 2383 905 2424 cum
922 2364 1060 2444 episcopo
1075 2377 1104 2426 et
1119 2383 1220 2426 secum
1235 2365 1266 2426 in
1281 2348 1399 2426 civitate

136 2454 299 2560 {populonien
319 2467 489 2547 le‘jocundi
509 2486 565 2546 pro
587 2464 650 2546 ejus
671 2467 781 2540 reditu,
803 2475 836 2526 ut
857 2465 1008 2544 optabant,
1031 2465 1130 2526 locent
1149 2466 1293 2542 (noudum
1316 2467 1395 2530 enim

368 2571 541 2650 episcopum
560 2569 697 2630 viderant
712 2589 767 2630 nec
780 2568 816 2627 ad
832 2569 981 2628 civitatem
996 2568 1095 2647 ipsum
1110 2569 1153 2628 ire
1168 2569 1398 2650 cognoverant);

369 2689 427 2749 quo
441 2671 558 2749 congito
573 2671 624 2750 (5),
640 2671 769 2748 legatum
784 2669 894 2746 sequti,
917 2669 967 2729 leti
989 2668 1026 2730 ad
1048 2670 1222 2749 episcopum
1236 2671 1394 2732 visendum

367 2772 584 2832 occurrebant:
605 2772 689 2830 fuere
708 2770 739 2829 bi
758 2769 794 2830 ad
815 2789 975 2830 numerum
990 2769 1118 2831 duorum
1137 2771 1268 2845 milium;
1288 2791 1398 2851 reppe-

368 2875 467 2952 ritque
488 2874 661 2952 episcopum
685 2871 825 2950 paulatim
848 2869 1058 2950 procedentem
1082 2883 1111 2935 et
1134 2892 1228 2951 prope
1249 2874 1396 2935 civitatem

369 2994 400 3036 se
415 2983 631 3053 expectantem.
642 2973 726 3032 Tunc
737 2970 878 3030 accedens
890 2971 927 3031 ad
937 2973 1066 3050 legatum
1080 2992 1156 3034 unus
1171 2993 1207 3034 ex
1223 2974 1398 3051 presbiteris

368 3074 527 3154 capellanis
539 3075 611 3148 suis,
620 3073 723 3133 retulit
734 3093 765 3132 se
778 3072 888 3133 babere
899 3076 1048 3152 capsulam
1062 3076 1257 3154 pecuniarum
1270 3078 1397 3154 plenam,

17 3191 18 3194 ’
39 3216 42 3222 ·
109 3203 217 3251 contario
267 3202 355 3261 legatos
368 3175 504 3255 corrigiis
516 3193 677 3254 appensam
693 3183 723 3234 et
737 3175 876 3249 clausam,
891 3175 928 3235 ad
942 3194 1099 3251 summam,
1115 3186 1148 3236 ut
1163 3178 1299 3237 extimari
1313 3189 1396 3255 pote·

135 3257 355 3374 {guffurffssgmfflss
369 3289 429 3353 rat,
445 3278 536 3338 trium
549 3279 596 3336 vel
612 3287 739 3354 quatuor
754 3277 869 3336 milium
888 3275 1072 3338 florenorum
1091 3279 1287 3353 florensium,
1306 3299 1394 3358 quam

138 3383 183 3426 etc.

403 3597 438 3660 (l)
455 3597 504 3660 Sic,
516 3609 580 3658 pour
591 3594 621 3644 irs
632 3599 773 3658 postorum.

402 3681 438 3744 (l)
456 3681 529 3731 Lisez
540 3680 599 3729 est?

402 3769 438 3832 (ὅ)
457 3766 734 3830 bisezocourreusquo.

401 3855 438 3919 (4)
455 3853 529 3902 bisen
540 3851 655 3902 reducit.

401 3942 436 4004 (bl
454 3939 526 3989 Lisez
537 3937 646 4004 copodo.
