3088 4926
588 510 715 608 (8¹)

141 679 159 714 a
181 655 333 717 vobiscum
362 674 420 715 una
447 654 543 733 plane
563 655 657 716 fateor
685 674 732 715 me
761 656 912 735 proditum
941 667 972 717 et
1000 658 1168 735 deceptum.

141 757 342 836 »Episcopus
370 767 469 816 vester
497 754 666 816 Leodieusis
694 774 761 815 cum
791 760 854 817 suis
883 757 1031 818 nobilibus
1059 757 1168 819 nudius

140 880 157 916 a
180 859 287 918 tertius
301 857 332 916 iu
347 856 464 934 villagio
481 856 581 915 llilleu
593 855 793 933 jurejurando
808 867 838 916 et
853 857 910 917 sub
921 856 980 917 lide
992 857 1124 937 episcopi
1139 867 1168 918 ct

140 983 157 1016 n
180 958 287 1020 nobilis
302 958 410 1038 scripto
431 956 579 1036 pollicitus
598 967 642 1015 est
663 975 695 1016 sc
717 957 866 1017 civitatem
886 977 970 1019 suam
988 969 1112 1018 externo
1126 957 1168 1037 (l)

140 1081 158 1115 »
180 1059 227 1118 die
243 1059 442 1117 intraturum:
455 1055 593 1135 inspicite
606 1056 742 1116 cedulam
757 1055 821 1135 ejus
835 1075 925 1117 manu
942 1059 1103 1138 signatam3
1114 1077 1168 1118 cur

140 1182 157 1216 a
179 1169 293 1220 mutato
304 1159 426 1218 consilio
437 1156 592 1232 deiecerit,
609 1157 757 1218 incertum
772 1167 818 1218 est
836 1158 919 1218 mihi.
935 1158 987 1219 lho
1002 1158 1038 1218 ad
1054 1179 1122 1220 eum
1138 1171 1167 1221 et

139 1282 156 1316 »
179 1259 340 1337 intelligam
359 1259 383 1318 si
405 1276 491 1318 causa
512 1257 642 1336 legitima
664 1258 701 1318 sit
719 1276 798 1335 :quc
817 1259 841 1318 si
861 1258 1044 1319 rationabilis
1066 1260 1167 1336 luerit,

139 1383 157 1417 a
179 1361 371 1438 acquiescite3
381 1359 406 1419 si
421 1377 493 1420 vero
509 1357 581 1419 levis
596 1369 626 1417 et
643 1359 680 1418 ad
695 1357 807 1418 bellum
819 1359 956 1419 inclinata
970 1378 1054 1420 mens
1065 1361 1167 1435 luerit,

138 1485 156 1517 a
178 1461 348 1540 intelligetis
368 1455 398 1521 ct
420 1459 510 1520 rebus
531 1459 635 1520 vestris
656 1459 825 1521 consuletis.
842 1461 944 1520 »Visa
969 1472 997 1520 ct
1016 1462 1089 1522 lecta
1112 1479 1165 1542 per

136 1565 252 1641 aliquos
270 1565 400 1643 episcopi
416 1561 529 1635 cedula,
543 1563 738 1622 vehementer
757 1561 878 1636 turbati,
897 1563 995 1640 legato
1015 1561 1164 1640 supplices

135 1682 243 1744 eggere
261 1663 301 1744 (2)
320 1664 441 1742 gratias,
461 1671 635 1723 excusantes
661 1662 810 1722 lcritatem
837 1678 941 1722 eorum
967 1661 1018 1739 qui
1043 1662 1080 1722 dc
1099 1662 1164 1741 ipso

135 1785 211 1825 vana
227 1765 320 1843 loquti
335 1765 462 1839 lucrant,
479 1771 682 1843 rogaruntque
705 1784 722 1820 u
743 1773 776 1822 ut
796 1761 910 1840 legatus
931 1761 967 1821 ad
989 1763 1162 1841 episcopum

136 1865 299 1934 accederet,
324 1883 442 1924 causam
465 1863 644 1942 intelligeret
661 1871 690 1922 et
710 1862 746 1923 ad
767 1862 915 1923 civitatem
941 1861 1039 1922 redire
1059 1862 1164 1943 digna-

135 1976 221 2026 retur
234 1974 265 2024 ut
276 1965 340 2044 ejus
350 1964 472 2024 consilio
483 1973 588 2024 cuneta
599 1963 727 2039 dirigere
739 1974 860 2041 possent
875 1983 907 2037 »3
919 1962 999 2039 quod
1011 1973 1040 2022 et
1049 1962 1163 2041 legatus

138 2067 287 2147 pollicitus
302 2077 354 2136 est,
366 2067 514 2125 conmisso
527 2063 643 2124 duobus
659 2063 851 2142 primioribus
863 2063 904 2145 (ὅ)
916 2063 1038 2138 civibus,
1052 2063 1164 2124 amelio

139 2178 170 2228 et
190 2168 292 2246 Egidio
307 2168 358 2246 (i),
374 2167 424 2244 qui
445 2166 526 2246 apud
545 2166 688 2245 populum
708 2185 814 2245 magne
832 2167 1014 2227 auctoritatis
1032 2176 1118 2226 erant
1136 2175 1166 2226 et

140 2268 177 2328 ad
198 2287 298 2346 pacem
314 2267 458 2342 inclinati,
477 2276 510 2326 ut
528 2285 603 2344 opus
618 2275 738 2344 ceptum
753 2264 789 2324 ad
807 2284 906 2343 pacem
922 2286 1041 2346 semper
1056 2267 1165 2346 dirige·

139 2378 208 2430 rent
230 2377 260 2429 ct
280 2370 423 2447 populum
445 2368 482 2429 ab
504 2368 594 2428 rebus
614 2368 732 2428 inlicitis
757 2369 946 2428 continerent
967 2376 996 2428 et
1018 2369 1165 2428 incursio-

139 2470 228 2530 nibus
245 2470 322 2530 :hac
336 2470 378 2530 cis
394 2469 568 2530 auctoritate
588 2487 724 2529 concessa
744 2468 780 2527 ad
794 2469 883 2549 legati
898 2479 928 2530 et
942 2469 1073 2547 episcopi
1088 2469 1165 2529 hene

136 2570 287 2649 placitum.
307 2571 363 2630 Die
378 2568 526 2629 dominico
545 2567 671 2627 secunda
691 2566 821 2628 octobris
840 2587 894 2648 per
908 2587 1012 2628 omncs
1027 2569 1164 2628 ccclesias

136 2691 174 2732 ex
190 2670 329 2746 mandato
343 2671 431 2750 legati
445 2671 628 2730 sollemniter
643 2688 697 2748 pro
713 2689 784 2748 pace
799 2690 831 2730 re
842 2670 942 2730 diviua
958 2682 1085 2749 peracto,
1098 2684 1164 2751 post

136 2771 311 2847 meridiem,
336 2772 453 2832 duobus
478 2772 638 2849 capitaneis
664 2771 820 2831 Vincentio
848 2774 946 2832 Burcn
976 2784 1005 2832 ct
1034 2773 1164 2833 Gosuino

135 2875 253 2934 Stralcn
269 2873 310 2954 (t)
330 2882 360 2934 ct
375 2892 433 2933 una
452 2872 574 2933 cohorte
595 2871 802 2931 leodiensium
821 2891 920 2932 secum
941 2884 1070 2950 sumpta,
1095 2893 1163 2933 cum

134 2975 274 3055 pluribus
295 2994 330 3035 cx
349 2975 428 3035 clero
449 2985 478 3035 et
501 2974 630 3052 generali
651 2973 889 3049 carmelitarum,
903 2975 1017 3054 legatus
1039 2974 1164 3054 Tungris

133 3076 289 3156 proiectus
304 3085 359 3148 cst,
374 3075 474 3135 multis
489 3093 605 3147 senum,
620 3073 850 3135 adolescentium
868 3083 898 3133 ct
913 3075 1092 3136 seminarum
1108 3093 1163 3154 pro

136 3195 209 3257 paco
222 3176 359 3254 precibus
374 3195 442 3235 cum
457 3173 530 3236 fletu
545 3175 668 3236 emissis.

171 3495 205 3558 (l)
223 3495 296 3546 Lisez
307 3494 433 3546 hesterno.

173 3579 208 3643 (ἒ)
226 3581 297 3630 Lisez
308 3592 389 3645 egere.

173 3667 208 3730 (ὅ)
225 3665 296 3716 Lisez
301 3665 469 3731 primoribus.

172 3752 210 3816 (t)
226 3752 298 3803 Amel
310 3753 341 3803 dc
353 3752 459 3802 velroux
472 3758 498 3802 et
509 3750 587 3801 Gilles
599 3751 630 3801 de
643 3750 716 3802 Lens.
728 3748 779 3802 Cir.
790 3750 918 3801 ci·dessus
931 3763 994 3814 page
1007 3751 1048 3800 55.
1058 3749 1118 3800 cors
1129 3749 1162 3800 du

135 3852 182 3890 sac
193 3834 225 3889 de
236 3839 260 3888 la
269 3839 326 3889 ville
336 3839 369 3890 tle
381 3838 464 3904 Rege,
476 3837 553 3889 Gilles
561 3838 593 3888 de
602 3839 665 3889 Lens
678 3837 716 3888 lut
723 3836 776 3899 jere
784 3837 819 3887 du
830 3836 891 3887 haut
899 3837 933 3887 du
943 3843 1004 3900 pont
1013 3836 1057 3887 cles
1070 3835 1164 3887 arches

135 3927 202 3977 daus
213 3925 236 3975 la
250 3925 343 3977 lleuse.

172 4013 208 4075 (5)
225 4012 332 4062 vincent
340 4011 372 4062 (lc
385 4012 480 4063 Bueren
489 4017 515 4062 et
524 4011 625 4062 Goswin
634 4011 666 4061 de
679 4009 777 4061 straile.
788 4007 977 4061 creet-ocsus
985 4022 1049 4073 page
1058 4010 1097 4060 tu.
