3088 4926
802 435 931 531 (86)

349 576 465 636 nullum
481 576 626 656 praticare
637 577 747 638 debere
758 595 825 638 cum
835 577 1044 637 Leodiensibus
1053 578 1132 656 pacis
1144 585 1314 651 tractatum,
1325 580 1379 638 sed

349 686 495 755 quotquot
507 696 523 736 c
535 677 653 737 civitate
665 689 807 739 exeuntes
815 676 925 738 bebere
937 690 1036 758 posset
1046 678 1077 737 in
1090 696 1174 738 suam
1188 684 1377 755 potestatem,

349 777 454 837 ultimo
468 779 615 857 supplicio
638 778 779 850 traderet;
797 791 826 840 et
847 799 881 840 eo
896 779 1062 840 intentione
1077 779 1195 839 venisse
1209 787 1252 851 ut,
1264 777 1377 856 junctis

348 897 448 939 secum
465 879 594 959 episcopi
607 880 755 960 gentibus,
766 881 895 942 crastino
905 881 953 941 die
963 881 1112 941 civitatem
1128 879 1247 940 invadat
1258 890 1288 940 et
1302 881 1375 960 ipsis

348 980 448 1040 inritis
460 979 489 1038 in
503 997 593 1040 manu
605 979 676 1041 forti
688 999 752 1042 eam
765 981 960 1060 ingrediatur.
972 981 1136 1058 Requisivit
1146 981 1274 1059 legatum
1284 980 1375 1041 Uber-

347 1091 447 1152 court,
468 1092 606 1157 presente
630 1091 659 1141 et
680 1089 795 1142 tacente
817 1083 970 1161 episcopo,
986 1089 1033 1154 ut,
1049 1099 1103 1160 pro
1119 1080 1224 1160 majori
1239 1082 1373 1159 ipsorum

347 1179 570 1259 capitaneorum
599 1183 775 1242 auctoritate
805 1193 834 1243 et
861 1177 983 1261 justitie
1004 1183 1116 1255 favore,
1144 1200 1211 1241 cum
1240 1181 1311 1261 ipsis
1338 1183 1376 1242 ad

348 1280 474 1358 prelium
497 1293 598 1341 contra
621 1284 793 1343 leodienses
816 1283 980 1358 accederet,
1002 1302 1069 1343 cum
1092 1284 1149 1362 ipsi
1170 1302 1225 1362 pro
1249 1284 1376 1344 Ecclesia

346 1389 380 1441 ut
394 1380 435 1462 (l)
460 1391 563 1442 contra
590 1383 653 1461 ejus
669 1383 794 1443 rebelles
812 1383 889 1444 bella
907 1393 1055 1460 gererent,
1071 1386 1293 1461 maximumque
1308 1385 1377 1444 beo-

346 1473 505 1542 diensibus
524 1495 636 1542 metum
659 1484 722 1562 ejus
746 1503 873 1562 persone
900 1485 1079 1563 presentiam
1102 1503 1169 1544 cum
1197 1484 1374 1544 bellatorum

89 1595 134 1643 tter
151 1595 217 1643 orsio
227 1596 294 1656 regau
305 1596 332 1644 ad
347 1601 437 1642 tnanu
454 1583 649 1642 incussuram.
666 1606 683 1641 a
695 1585 738 1644 Ad
752 1585 806 1645 hec
822 1585 936 1663 legatus
951 1584 1021 1644 satis
1033 1584 1163 1662 jocunde
1178 1585 1295 1660 inquit:
1311 1606 1329 1642 u
1343 1586 1373 1645 si

145 1653 297 1702 umbercourt.

347 1707 364 1741 »
386 1703 593 1764 cognoscerem
610 1697 639 1744 et
651 1687 782 1746 viderem
799 1704 850 1745 vos
866 1704 921 1764 pro
933 1685 1058 1746 Ecclesia
1071 1686 1181 1745 bellum
1192 1704 1307 1764 gerere,
1322 1695 1375 1746 aut

346 1809 363 1843 a
387 1785 563 1846 Leodienses
588 1787 634 1846 vel
659 1787 689 1846 in
711 1787 834 1848 minimo
850 1787 995 1847 mandatis
1023 1787 1190 1864 apostolicis
1211 1789 1371 1859 contraire,

345 1911 362 1944 a
385 1889 518 1967 prolecto
535 1905 594 1948 non
618 1886 785 1948 dubitarem
805 1907 922 1948 meuna
941 1886 1094 1948 vobiscum
1118 1888 1141 1947 si
1164 1887 1372 1951 necesseloret

344 1989 473 2050 »morti
490 2007 655 2068 exponere;
671 1991 722 2048 sed
740 1976 807 2049 cum
824 2000 905 2050 certo
922 1990 1011 2050 sciam
1027 1990 1108 2068 ipsos
1123 1989 1282 2067 apostolice
1292 1988 1370 2048 sedis

343 2113 359 2145 a
382 2088 560 2150 sententiam
574 2089 729 2149 humiliter
743 2108 841 2150 coram
858 2109 905 2150 me
920 2089 1012 2150 verbo
1027 2100 1056 2150 et
1070 2088 1189 2167 scriptis
1202 2097 1369 2169 acceptasse

342 2211 359 2245 a
382 2199 411 2248 et
439 2190 469 2249 in
496 2188 578 2248 nullo
602 2190 702 2266 aliquo
731 2208 863 2267 unquam
893 2198 1028 2268 tempore
1055 2189 1264 2250 contravenire
1285 2191 1369 2263 velle,

341 2309 358 2343 a
381 2305 494 2364 vosque
519 2289 680 2368 intelligam
713 2308 772 2349 non
801 2309 855 2367 pro
878 2291 1003 2350 Ecclesia
1030 2301 1081 2349 aut
1106 2289 1200 2368 ipsius
1231 2289 1369 2350 libertate

340 2409 357 2442 a
380 2388 431 2447 sed
446 2406 499 2468 pro
515 2387 615 2466 preda,
638 2389 765 2449 vindicta
781 2400 810 2450 et
825 2393 968 2468 sanguine
990 2401 1021 2450 et
1037 2389 1224 2469 passionibus
1240 2390 1368 2469 propriis

340 2511 356 2545 a
379 2487 455 2550 bella
470 2507 599 2565 movere,
615 2510 674 2551 non
699 2491 785 2554 video
805 2509 922 2552 causam
942 2510 997 2552 cur
1019 2491 1092 2550 mibi
1112 2495 1150 2550 sit
1170 2501 1273 2550 contra
1289 2491 1368 2570 ipsos

339 2613 356 2648 a
378 2591 530 2652 vobiscum
552 2593 634 2652 velut
653 2611 721 2653 cum
746 2592 831 2653 hoste
852 2593 1056 2672 pugnandum.
1080 2592 1181 2652 Debeo
1196 2603 1226 2652 et
1247 2591 1324 2662 volo,
1343 2593 1367 2651 si

338 2716 355 2750 a
379 2713 510 2771 possum,
530 2696 664 2755 censuris
688 2707 718 2755 et
731 2695 822 2755 armis
837 2695 873 2772 (si
895 2693 1072 2775 oportuerit)
1094 2695 1173 2772 ipsos
1188 2693 1366 2772 compellere

337 2817 355 2851 a
379 2793 416 2854 ad
432 2795 652 2857 observandum
664 2816 697 2856 ea
712 2816 771 2874 quc
785 2817 808 2856 s.
821 2795 850 2857 d.
865 2797 906 2877 (E)
923 2806 1025 2857 noster
1039 2796 1069 2854 in
1085 2814 1135 2855 eos
1151 2814 1202 2854 sua
1218 2795 1364 2854 sententia

337 2918 353 2952 a
376 2905 405 2955 et
421 2896 484 2974 lege
504 2896 638 2968 sancivit,
659 2897 683 2956 si
705 2909 893 2975 contumaces
913 2908 1025 2966 essent3
1048 2896 1098 2956 sed
1121 2915 1188 2956 cum
1210 2897 1266 2956 boc
1285 2914 1366 2957 nunc

336 3018 353 3052 a
376 3015 436 3056 non
467 2997 593 3070 rideam,
619 3014 678 3056 non
705 2996 797 3056 dobeo
820 3016 875 3056 nec
891 2998 961 3075 jure
983 3015 1105 3076 possum
1127 3016 1181 3057 nec
1200 2998 1267 3056 volo
1285 2997 1365 3074 ipsos

336 3118 352 3152 a
375 3098 552 3174 compellere
571 3098 608 3157 ad
628 3117 661 3156 ea
681 3097 866 3158 observanda
889 3117 957 3177 que,
978 3099 1050 3176 ipsis
1067 3099 1166 3158 invitis
1181 3107 1211 3158 et
1226 3097 1361 3177 pluribus

335 3221 352 3255 a
374 3199 660 3274 contradicentibus,
676 3200 800 3278 vosipsi
812 3199 881 3278 jure
903 3200 971 3260 belli
987 3213 1084 3261 vestra
1099 3202 1162 3280 lege
1178 3201 1315 3262 sanxistis
1332 3208 1365 3260 et

248 3358 250 3362 .
335 3323 352 3356 »
374 3308 477 3360 contra
502 3302 630 3361 Ecclesie
654 3301 832 3362 libertatem.
857 3304 915 3363 Pro
939 3301 1016 3362 bono
1041 3315 1139 3362 tamen
1162 3303 1241 3379 pacis
1265 3311 1295 3363 et
1319 3299 1362 3382 (5)

281 3477 286 3486 ι
334 3423 352 3458 a
375 3401 542 3462 evitandam
561 3403 684 3462 bomani
703 3403 856 3482 sanguinis
871 3402 1058 3476 effusionem,
1074 3404 1214 3476 exortari,
1230 3395 1362 3478 monere,

333 3526 350 3560 a
373 3501 500 3562 suadere
515 3515 543 3563 et
559 3501 700 3564 inducere
715 3505 795 3584 ipsos
810 3504 910 3566 conari
925 3504 991 3565 volo
1003 3505 1038 3564 ad
1053 3523 1086 3564 ea
1101 3504 1287 3565 observanda
1302 3523 1362 3584 que

365 3767 401 3830 (l)
420 3767 493 3818 biset
504 3773 537 3818 et.
597 3761 599 3766 ’

365 3853 401 3916 (t)
418 3852 670 3916 Sanctusdomt'ttus,
682 3855 845 3906 cest-adire
855 3869 861 3906 :
871 3855 894 3906 le
903 3867 973 3920 pape.

364 3942 400 4005 (d)
419 3941 543 4005 Suppleea
555 3942 596 3992 od.
