3102 4914
612 481 716 581 (3)

147 624 283 703 ipsorum
298 622 504 683 leodiensium
527 621 717 701 parrieatiam
731 624 772 703 ll)
794 632 824 683 ct
844 626 1072 688 inconstantiam
1095 631 1180 710 igno-

146 744 237 792 rasse,
253 735 280 783 ct
296 725 387 784 nimis
401 742 507 783 eorum
524 722 772 802 promissionibus
788 726 951 801 prestitisse
964 727 1062 788 [idem.
1081 731 1179 791 Unum

147 825 206 886 seio
221 825 378 902 quosdam,
402 823 540 902 privatim
555 833 586 882 et
602 823 723 883 semotis
738 823 872 898 arbitris,
895 827 967 886 mibi
988 828 1096 889 dixisse
1119 849 1178 891 non

149 944 234 1003 posse
249 921 316 984 lieri
328 926 399 1002 quin
416 926 446 984 in
461 942 600 984 sermone
612 935 642 983 ct
654 926 825 985 narratione
838 945 904 986 mea
919 929 1027 989 multos
1043 937 1177 991 notarem
1199 933 1201 937 ’

148 1040 176 1086 et
198 1028 301 1106 culpas
315 1044 420 1087 eorum
442 1025 625 1103 detegerem
641 1037 672 1086 et
693 1025 769 1086 banc
790 1029 926 1107 suspicor
947 1029 1038 1090 fuisse
1059 1051 1177 1092 eausam

148 1128 279 1188 evitandi
304 1129 350 1187 vel
373 1125 542 1206 refugiendi
569 1127 721 1206 publicum
748 1129 938 1207 colloquium.
965 1129 1177 1192 §obtinuissem

148 1229 274 1290 fortasse
294 1240 367 1289 tune
390 1230 485 1306 plura,
507 1247 542 1287 ex
569 1227 623 1288 bae
644 1247 731 1288 causa
751 1249 789 1289 ne
810 1229 924 1307 aliquos
947 1230 1005 1291 ledi
1027 1241 1079 1292 aot
1101 1232 1180 1295 sorte

148 1331 301 1408 perditum
322 1330 358 1388 iri
381 1329 551 1407 contigisset
576 1328 615 1389 ob
640 1347 794 1389 sermones
818 1349 909 1405 meos,
933 1333 1074 1409 quoniam
1098 1334 1179 1414 apud

149 1433 309 1509 plerosque
320 1431 454 1510 ipsorum
469 1430 498 1489 id
511 1441 625 1490 rectum
638 1431 684 1489 vel
699 1430 835 1507 iniquum
849 1441 973 1510 potatur
986 1434 1066 1510 quod
1077 1453 1180 1495 secon-

148 1533 221 1592 dom
239 1533 286 1592 vcl
299 1543 403 1592 contra
417 1550 523 1591 eorum
543 1530 577 1591 lit
600 1531 645 1590 vel
661 1531 770 1592 dicitur
791 1534 982 1593 voluntatem.
1005 1536 1091 1595 Nunc
1109 1554 1180 1596 vero

149 1634 224 1694 nibil
239 1633 362 1694 omnino
378 1633 536 1693 tacendum
549 1633 649 1692 estvel
662 1632 896 1707 obmictendom,
908 1643 938 1694 et
952 1647 1051 1695 vestre
1066 1637 1181 1698 Sancti-

149 1737 201 1795 toti
227 1747 258 1795 et
291 1753 374 1794 sacro
410 1733 726 1794 reverendissimorum
762 1733 954 1794 dominorum
983 1736 1178 1798 cardinalium

147 1837 271 1914 collegio
290 1855 323 1896 ea
345 1835 405 1896 fide
427 1854 484 1912 qua
507 1844 611 1895 teneor
632 1847 711 1895 recte
733 1836 840 1894 veritas
859 1835 1033 1912 enarranda,
1054 1857 1122 1898 cum
1144 1857 1178 1900 ex

148 1938 272 1996 inuncto
294 1935 337 2015 (ἓ)
359 1936 433 1996 mihi
449 1935 562 1995 ordinis
577 1935 635 1996 mei
654 1943 684 1994 et
700 1935 854 2014 legationis
869 1935 965 1996 officio
981 1955 1049 1996 aero
1064 1937 1180 1999 referre

149 2052 254 2098 trnrnr
267 2049 298 2098 ct
312 2038 448 2110 debeam,
461 2037 626 2117 postposito
640 2057 751 2111 amore,
766 2040 872 2098 timore
886 2039 933 2098 rel
947 2040 1025 2114 odio,
1036 2048 1066 2099 et
1080 2057 1178 2101 coram

149 2141 199 2198 il'o
221 2138 311 2198 verba
330 2138 463 2197 facturus
485 2139 540 2197 aim
562 2137 614 2215 qni
637 2138 701 2216 ejus
723 2139 773 2214 qui
789 2157 904 2198 suntme
921 2133 1029 2200 ¹veritas
1043 2151 1088 2199 est
1101 2141 1180 2200 vices

147 2241 227 2318 gerit
251 2239 283 2298 in
305 2239 406 2300 terris.
431 2241 545 2316 loquar
567 2240 658 2317 igitur
681 2241 837 2299 veritatem
860 2259 938 2318 puro
958 2241 1047 2300 eorde
1068 2239 1180 2302 ctrudi

148 2360 297 2413 sermone,
313 2341 444 2402 obmisso
457 2342 631 2420 elegantiori
648 2341 715 2423 stilo
730 2340 815 2419 cujus
830 2341 951 2421 ignarus
963 2360 1029 2402 sum
1044 2346 1180 2419 omnino;

149 2443 277 2503 sacrarit
292 2442 477 2502 mendatium
493 2442 523 2501 in
538 2461 591 2502 ore
607 2461 682 2514 meo,
697 2443 807 2520 illeque
830 2443 991 2503 Paraclitus
1007 2446 1056 2519 qui
1072 2462 1087 2502 a
1103 2445 1182 2506 veri-

150 2551 209 2602 tate
232 2541 367 2620 procedit
390 2549 522 2600 mentem
545 2558 642 2600 meam
664 2540 813 2600 illuminet
832 2550 862 2600 et
882 2540 1003 2602 inducat
1024 2541 1101 2600 sicut
1119 2540 1184 2620 ejus

117 2654 121 2660 ’
149 2641 288 2723 promisit
301 2641 393 2701 Filius
407 2646 437 2700 in
454 2642 549 2718 ipsam
560 2641 726 2701 veritatem.

190 2746 249 2806 Sed
274 2756 434 2821 antequam
460 2743 638 2804 narrationis
659 2743 814 2804 exordium
838 2760 964 2814 sumam,
986 2739 1112 2802 delectat
1136 2760 1184 2802 mo

149 2846 240 2906 nimis
254 2845 409 2925 apostolici
421 2845 568 2906 sermonis
583 2845 743 2920 reminisci,
756 2844 893 2906 videlicet
908 2843 1036 2904 doctoris
1048 2843 1182 2920 gentium

149 2948 228 3008 beati
253 2948 379 3028 apostoli
409 2946 503 3018 Pauli,
527 2965 594 3006 eum
625 2955 764 3025 presente
793 2964 863 3025 rege
889 2946 1028 3024 bgryppa
1054 2943 1152 3022 inquit
1177 2961 1184 3002 ε

155 3075 167 3104 ι
182 3051 305 3109 Beatum
318 3068 365 3108 me
377 3047 663 3126 existimo,dgrippa
676 3066 738 3122 rex,
750 3065 815 3106 cum
829 3045 908 3124 apud
921 3054 949 3105 te
960 3046 1118 3122 loqutorus
1129 3043 1184 3104 sim
1241 3121 1242 3125 Ἰ

149 3149 239 3210 hodie
262 3150 314 3227 qui
335 3149 448 3229 optime
471 3149 548 3210 nosti
570 3167 629 3225 que
650 3148 730 3228 apud
751 3167 805 3208 nos
820 3155 892 3208 sunt
910 3144 1141 3208 eonsuetudines
1156 3153 1187 3206 ct

151 3253 335 3330 questiones,
352 3250 566 3331 propterquod
578 3249 702 3310 obsecro
719 3259 752 3310 ut
763 3269 811 3311 me
826 3250 973 3327 patienter
987 3247 1089 3308 audias
1104 3247 1147 3328 (5)
1158 3273 1185 3308 s.

152 3333 331 3414 Convertam
347 3370 419 3431 ergo
434 3352 515 3412 bunc
529 3369 699 3412 sermonem
713 3349 751 3411 ad
762 3349 953 3410 Sanctitatem
969 3357 1061 3421 tuam,
1076 3348 1186 3410 beatis·

152 3454 228 3514 sime
248 3455 346 3524 Pater,
362 3454 413 3529 qni
435 3451 546 3534 optime
566 3452 644 3513 nosti
665 3451 885 3512 dissensionum
905 3449 1013 3513 barum
1035 3468 1138 3510 causas
1157 3460 1187 3510 et

153 3555 313 3614 maximam
335 3565 450 3634 partem
471 3570 577 3613 eorum
600 3571 659 3630 qne
682 3552 818 3611 dicturus
839 3568 916 3623 sum,
932 3568 1000 3627 qne,
1018 3549 1085 3609 licet
1106 3548 1186 3629 apud

187 3845 222 3906 (l)
241 3842 314 3892 bisen
324 3841 507 3906 pervicaciam.

184 3928 223 3990 (r)
233 3928 306 3978 Lissa
317 3927 443 3989 injuncto,
452 3935 550 3976 comme
560 3925 616 3987 plus
625 3924 674 3974 loia
682 3923 830 3986 objicientes
838 3937 871 3974 au
881 3924 931 3974 lieu
940 3923 971 3974 de
981 3922 1126 3987 obicientes,
1135 3928 1183 3972 etc.

189 4017 225 4076 (ὃ)
243 4016 301 4066 bor.
313 4015 411 4074 Arosr,
425 4027 446 4063 e
457 4012 543 4073 llllVl,
555 4026 577 4062 r.
589 4011 613 4061 2.
625 4012 755 4074 (vulgaret
769 4012 803 4062 La
813 4011 916 4062 citation
927 4010 992 4060 n'est
1000 4022 1044 4072 pas
1057 4007 1184 4058 textoelle.
