3126 4906
590 466 741 564 (rus)

144 606 276 686 legatum
289 622 391 668 secum
403 603 547 666 reducere
558 603 595 664 ad
608 605 706 666 locum
718 605 799 666 unde
810 613 969 680 venerant3
981 616 1052 668 tunc
1067 607 1181 685 legatus

143 705 180 768 ad
205 705 379 785 episcopum
405 722 586 780 conversus,
611 716 750 784 presente
776 707 875 786 Argue
894 716 924 766 ct
938 706 1079 768 omnibus
1093 707 1181 769 aliis:

144 807 255 884 «ugo,
280 803 388 882 inquit,
414 814 447 865 ut
470 805 584 883 optime
609 805 696 879 nosti,
723 824 783 866 non
809 808 1002 885 sinemagno
1023 805 1125 868 labore
1150 819 1181 872 et

145 928 163 964 n
184 905 330 966 industria
346 903 480 979 eduxite
495 904 665 966 decivitate
680 906 709 968 iu
722 923 779 983 qua
792 906 916 968 molesto
927 907 1027 966 animo
1038 907 1179 971 manebas

145 1027 166 1063 n
184 1017 214 1066 et
239 1005 315 1066 elam
340 1004 422 1066 exire
446 1004 621 1085 temptabas‚
643 1023 711 1069 cum
733 1015 834 1068 umen
855 1025 909 1086 ego
928 1007 1008 1068 solus
1026 1017 1056 1068 et
1076 1007 1179 1081 libere,

145 1127 163 1164 u
186 1106 288 1166 multis
303 1105 425 1183 quesitis
440 1104 655 1178 occasionibus,
666 1107 748 1168 exire
760 1107 932 1187 potuissem.
945 1110 989 1167 Tu
1001 1115 1110 1184 autern,
1122 1108 1179 1168 sub

144 1227 162 1264 a
184 1205 252 1266 licta
277 1205 444 1266 securitatis
467 1223 533 1268 mee
553 1207 665 1286 apetie,
693 1208 842 1285 reliquisti
868 1227 916 1268 me
937 1207 1004 1268 heri
1024 1207 1056 1268 in
1072 1226 1179 1270 manus

144 1306 353 1385 »predonum
387 1324 461 1384 quos
490 1309 728 1386 consanguineos
761 1320 827 1368 tuos
855 1307 1030 1370 nominebus
1058 1316 1088 1368 et
1116 1309 1178 1386 qui,
1270 1329 1273 1344 ’

145 1407 309 1486 »direptis
334 1405 476 1468 omnibus
503 1407 578 1468 meis
603 1415 633 1469 et
658 1426 794 1468 meorum
820 1409 933 1488 spoliis,
954 1412 1039 1486 equis
1059 1427 1180 1488 quoque
1242 1411 1245 1416 ’

145 1508 324 1569 nomnibus
351 1509 430 1567 inter
459 1527 491 1568 se
510 1493 640 1581 divisis,
670 1529 750 1570 nuno
779 1510 939 1570 familiares
969 1530 1052 1572 meos
1074 1529 1179 1572 ornnes

145 1631 162 1666 n
184 1609 317 1688 captivos
338 1610 488 1684 detinent,
508 1609 557 1670 vix
572 1621 702 1692 quatuor
716 1613 863 1672 concessis
881 1613 933 1688 qui
953 1630 1001 1678 me
1020 1612 1069 1673 hie
1086 1613 1179 1673 comi·

146 1733 163 1768 a
185 1722 337 1784 tarentur3
362 1730 468 1771 rursus
493 1712 530 1772 de
554 1713 732 1791 captivitate.
750 1731 813 1773 mea
837 1720 965 1773 tractent
985 1725 1015 1774 et
1039 1715 1179 1792 cogitant,

74 1815 76 1821 '
144 1836 162 1869 n
186 1815 312 1873 nrauima
328 1814 524 1892 pecuniarum
540 1832 656 1874 summa
672 1814 824 1892 cxagenda
840 1813 882 1894 (l)
897 1832 952 1895 pro
970 1815 1179 1895 redemptione

146 1939 163 1974 n
186 1936 251 1977 mea
274 1928 304 1976 et
326 1934 472 1976 meorum.
495 1916 650 1996 Optimum
669 1916 755 1976 nobis
771 1916 873 1976 salutis
888 1915 1043 1976 custodem
1058 1915 1179 1989 dedisti3

145 2039 162 2074 n
184 2017 393 2095 quamobrem,
416 2028 449 2076 ut
463 2017 542 2076 clare
557 2017 715 2095 intelligas,
730 2036 784 2097 ego
807 2017 877 2076 binc
899 2036 958 2077 non
975 2016 1062 2078 exibo
1077 2017 1135 2078 nisi
1150 2015 1178 2076 ri

52 2109 55 2114 ’
145 2142 163 2177 n
185 2119 293 2179 duetus
311 2128 363 2179 aut
376 2119 455 2180 lesus
470 2137 613 2198 corpore;
624 2129 654 2178 et
666 2120 787 2195 requiro
798 2130 829 2179 et
843 2118 948 2197 adjuro
964 2129 1002 2194 te,
1017 2137 1072 2197 per
1088 2117 1178 2180 fidem
1241 2188 1242 2193 η

144 2242 161 2277 »
183 2231 212 2281 et
238 2201 451 2300 jusjurandum
478 2218 558 2298 quod
583 2219 657 2280 mibi
684 2221 849 2300 prestitisti,
869 2239 902 2280 ae
923 2239 956 2280 ea
979 2239 1036 2298 qua
1056 2237 1179 2298 possum

143 2341 161 2377 »
182 2321 359 2380 auctoritate
385 2319 438 2380 tibi
464 2319 582 2390 mando,
611 2319 667 2381 sub
692 2319 738 2380 bis
763 2321 848 2398 penis
873 2339 947 2398 quas
969 2320 998 2380 in
1021 2321 1179 2380 violatores

145 2443 162 2478 r>
185 2423 351 2500 legatorum
367 2433 396 2480 et
411 2415 620 2500 episcoporum
637 2421 712 2481 sacri
727 2439 856 2480 canones
872 2433 901 2481 et
912 2422 993 2502 leges
1004 2429 1180 2494 sanxerunt,

145 2543 163 2579 >s
184 2531 219 2582 ut
233 2540 249 2581 a
266 2540 388 2582 menon
404 2521 548 2594 discedas,
562 2522 624 2582 sive
637 2519 685 2580 bic
699 2539 857 2581 mansurus
873 2522 939 2597 sim,
951 2523 1014 2582 sive
1028 2522 1064 2580 ad
1080 2523 1178 2581 locum

144 2643 161 2678 a
182 2622 268 2682 illum
295 2623 442 2682 violenter
468 2620 648 2694 trabendus;
668 2620 778 2701 hospes
793 2621 852 2682 eris
867 2640 952 2682 meus
967 2622 1014 2684 vel
1030 2641 1084 2702 ego
1100 2630 1179 2695 tous,
1212 2693 1214 2695 ,

146 2745 163 2779 n
187 2723 244 2783 nisi
261 2723 351 2800 hujus
366 2723 486 2784 sceleris
501 2722 676 2801 participem
693 2733 721 2784 te
731 2722 860 2801 judicari
876 2723 959 2784 velis.
980 2719 999 2781 s>

148 2899 150 2902 Ι
186 2825 230 2883 Ad
245 2823 301 2884 bee
316 2825 473 2904 episcopus
487 2823 550 2884 lere
564 2825 685 2884 territus
700 2842 708 2883 a
725 2845 743 2882 c<
755 2825 820 2886 Non
835 2824 964 2902 expedit,
978 2824 1085 2902 inquit,
1099 2843 1123 2885 r.
1139 2845 1179 2904 μ,

144 2945 161 2980 n
184 2936 216 2984 ut
242 2923 315 2984 mibi
343 2926 467 2985 mandes
493 2925 572 3002 quod
597 2933 704 3002 sponte
730 2941 827 3003 agere,
854 2935 886 2983 ut
915 2935 1028 2999 teneor,
1056 2926 1122 2985 volo
1151 2935 1180 2982 et

144 3048 161 3084 o
185 3041 306 3106 {aeratus
322 3045 389 3088 sum
412 3049 440 3088 u.
456 3029 510 3088 Cui
535 3030 657 3088 rursum
678 3027 815 3106 legatus:
836 3048 854 3084 <c
873 3029 930 3087 Fae
944 3029 1024 3105 quod
1046 3027 1118 3101 dixi,
1132 3026 1179 3086 vel

145 3149 162 3184 s>
184 3137 292 3205 sponte
306 3129 353 3188 vel
365 3129 478 3205 jussus,
493 3131 517 3190 si
534 3139 563 3189 te
578 3129 793 3189 inmaculatum
807 3128 892 3208 cupis
908 3150 936 3188 n.
951 3127 1180 3202 Contradicebat

145 3221 253 3311 Argue,
276 3243 308 3292 ut
326 3231 450 3310 intelligi
466 3242 614 3310 poterant,
630 3233 723 3292 multa
736 3235 767 3292 in
794 3250 932 3310 proceres
954 3231 1181 3291 circumstantes

132 3327 248 3410 ¹gallice
265 3332 357 3393 verba
369 3333 492 3412 jactans.
509 3336 634 3394 Maxima
649 3333 729 3393 inter
744 3351 883 3411 proceres
899 3332 982 3392 ducis
997 3332 1181 3392 consiliarios

145 3434 298 3494 altercatio
318 3454 453 3496 seorsum
473 3436 559 3495 tacite
578 3435 699 3495 eohorta
715 3433 756 3514 (9)
772 3443 829 3510 est;
847 3434 966 3494 tandem
981 3435 1097 3510 loquuti
1112 3452 1180 3493 curn

147 3538 253 3615 Argue,
276 3535 351 3595 abiit
369 3537 432 3615 ipse
448 3556 516 3597 cum
534 3537 673 3597 omnibus
688 3536 761 3610 suis,
776 3534 905 3596 reductis
921 3553 1021 3595 seeum
1038 3535 1182 3595 Leodien-

146 3638 223 3697 sium
246 3639 363 3718 legatis3
383 3639 592 3699 conmendavit
611 3638 724 3718 legatus
740 3639 839 3717 Argue
853 3645 883 3697 et
897 3635 1079 3714 quibusdam
1094 3635 1181 3696 nobi-

179 3905 217 3966 (ll
234 3905 305 3955 Llsez
318 3906 453 3968 obluendo.

179 3991 216 4054 (t)
234 3993 305 4043 Lisez
317 3999 413 4043 coortu
