3102 4914
641 437 746 583 (ri

172 625 204 685 id
217 636 262 686 est
273 625 313 683 25
323 622 499 696 decembris,
511 641 589 682 anno
601 622 663 682 ΙΝ
674 621 750 701 iacta
762 631 849 697 esset,
861 631 890 682 ct
901 623 980 702 apud
992 624 1118 702 patriam
1133 625 1206 685 Lco-

171 727 307 788 diensem
330 735 360 785 et
378 724 438 785 loca
457 723 582 784 finitima
604 724 683 784 inter
697 723 844 804 Filippum
861 723 967 802 ducem
986 737 1015 784 ct
1030 726 1094 804 ejus
1108 725 1204 793 filium

172 829 313 912 carolum
334 846 368 886 ac
385 825 572 899 leodienses,
594 825 650 886 hoc
671 825 769 885 medio
791 837 935 905 tempore,
957 827 1050 886 multe
1064 846 1204 908 agrorum
1251 893 1254 898 Δ

172 942 206 992 ct
225 932 363 991 villarum
387 928 647 1008 depopulationes,
668 927 865 988 desolationes
885 936 915 988 ct
942 927 1078 988 incendia
1101 940 1206 992 mutuo

171 1043 299 1110 sequuta
317 1041 438 1091 essent:
457 1028 563 1089 excelsi
584 1040 616 1088 ct
636 1028 767 1107 insigues
782 1028 838 1088 viri
853 1029 1039 1105 Vincentius,
1055 1049 1154 1092 comes
1168 1031 1206 1092 de

172 1138 273 1195 Meurs
291 1143 321 1194 et
341 1133 378 1192 de
396 1131 578 1204 Sauubardc,
598 1151 631 1191 ae
645 1131 771 1191 lacobus
785 1149 883 1192 comes
903 1131 941 1191 dc
962 1134 1094 1206 liuerne,
1108 1133 1206 1194 domi·

172 1257 231 1297 rius
252 1234 398 1296 d'Athcna
414 1234 463 1315 (l),
482 1253 520 1294 nc
537 1235 655 1313 penitus
674 1233 768 1312 patria
790 1233 985 1308 desolaretur,
1000 1236 1206 1315 componenda

173 1338 255 1418 pacis
266 1354 421 1416 sumpsere
436 1335 601 1413 negotium3
616 1345 646 1395 et
659 1333 738 1416 apud
750 1333 921 1414 Philippum
932 1334 1038 1396 ducem
1050 1337 1082 1396 in
1095 1338 1205 1417 oppido

172 1437 358 1499 Bruxellensi
373 1456 441 1496 cum
456 1436 567 1496 diutius
584 1444 824 1515 pertractassent,
841 1434 972 1510 tandem,
988 1437 1051 1496 Deo
1065 1437 1207 1516 propitio,

170 1543 204 1602 in
226 1541 279 1600 has
300 1540 377 1618 pacis
396 1538 581 1598 conditiones
602 1538 644 1598 eis
663 1538 789 1597 indictas
812 1536 990 1598 leodienses
1014 1557 1205 1610 consensere;
1255 1598 1257 1602 ,

171 1660 244 1718 quc,
269 1639 514 1700 convenientibus
538 1637 619 1718 apud
642 1638 974 1699 Sanctum-Trudoncm
1000 1637 1042 1720 (2)
1067 1641 1207 1720 episcopo

170 1755 204 1803 et
226 1741 374 1820 deputatis
397 1733 523 1800 ciuitatis
537 1751 567 1800 et
581 1739 677 1818 patrie
693 1738 860 1820 Leodiensis
874 1758 908 1799 ac
930 1739 1119 1816 ipsiusducis
1141 1742 1208 1801 Phi·

169 1845 248 1924 lippi
263 1842 399 1904 etCaroli
417 1842 469 1901 lilii
485 1841 669 1914 consiliariis,
685 1859 744 1900 una
760 1851 828 1901 ante
844 1842 1023 1902 sententiam
1041 1842 1130 1902 latam
1149 1844 1207 1916 die,

172 1947 204 2005 id
229 1956 273 2004 cst
300 1943 360 2022 xxij
375 1941 556 2015 decembris,
570 1943 707 2001 conclusa
733 1951 762 2002 ct
784 1941 908 2020 sigillata
923 1943 996 2004 extit
1011 1943 1052 2023 (ὅ)
1066 1943 1096 2002 in
1126 1943 1208 2004 liunc
1266 1995 1268 2000 .

172 2045 376 2124 modum(l):

221 2173 234 2200 ι
252 2146 296 2206 illi
308 2146 443 2220 civitatis,
456 2144 635 2223 oppidorum
649 2153 678 2204 et
694 2145 857 2222 patriarum
870 2144 1076 2207 leodiensium
1094 2158 1124 2207 ct
1142 2149 1208 2208 tos·
1222 2164 1317 2212 articuli
1335 2164 1467 2212 concordie.

171 2248 318 2321 sensium,
332 2246 370 2306 ad
385 2246 619 2326 perveniendum
634 2245 774 2305 adfinem
791 2247 869 2324 pacis
882 2266 949 2306 cum
962 2246 1207 2309 metuendissimo

172 2350 298 2410 domino
312 2348 387 2408 ducc
402 2347 573 2427 Burgundio
593 2359 623 2408 et
642 2347 813 2421 Brabancic,
831 2346 939 2409 sacient
954 2357 984 2408 el
998 2349 1208 2429 adimplebunt

174 2460 298 2532 puncta,
310 2451 449 2512 articulos
460 2461 490 2511 et
501 2469 621 2536 resque
636 2462 804 2528 sequuntur
818 2450 859 2532 (5)
874 2470 882 2511 ε

210 2719 248 2781 (t)
263 2721 370 2769 Vinornt
383 2725 467 2768 comte
482 2717 515 2768 de
531 2717 615 2767 ltcurs
632 2725 657 2766 et
674 2717 706 2765 dc
720 2717 892 2777 Saerwerden,
906 2722 934 2766 et
950 2716 1059 2779 lacqucs
1076 2723 1159 2768 comte
1175 2717 1207 2769 de

176 2809 274 2864 Horae,
290 2806 408 2867 seigneur
424 2803 545 2854 d’dltcna.
558 2803 606 2852 Ces
623 2803 690 2853 deux
705 2814 875 2866 personnages
893 2801 1040 2865 remplircnt
1059 2801 1115 2864 plus
1131 2803 1207 2853 d'unc

174 2895 226 2945 tois
237 2891 326 2943 l'ollice
342 2891 374 2942 de
388 2889 564 2954 negociateurs
575 2896 647 2939 entre
659 2889 697 2939 les
711 2879 824 2952 lie'gcois
836 2894 863 2937 et
876 2887 913 2938 les
929 2889 992 2938 duos
1006 2887 1038 2938 dc
1051 2888 1207 2950 Bourgognc.

173 2980 248 3042 (Voy.
260 2991 317 3028 mon
330 2975 483 3027 cartulaire
493 2976 525 3026 dc
537 2975 642 3036 Dinarrt,
657 2983 673 3025 t
688 2975 724 3035 ll,
737 2989 759 3037 p.
770 2973 836 3032 162.)

209 3067 245 3127 (ἲ)
264 3063 396 3114 L'dcrirain
410 3063 493 3113 donne
505 3062 572 3112 aussi
591 3063 612 3111 la
630 3061 939 3114 menusanum-Trade.
952 3062 1131 3126 saint-Troum
1150 3064 1208 3113 ville

175 3154 209 3203 de
218 3151 324 3202 l'ancicn
335 3149 417 3200 comte
428 3149 460 3200 dc
473 3148 547 3211 Loca,
558 3160 590 3197 au
603 3161 664 3211 pays
672 3147 705 3199 de
716 3148 802 3211 Ltdgc.

211 3236 247 3300 (ὅ)
264 3236 335 3286 Liscz
347 3235 433 3286 extitit

211 3325 248 3388 (ll
265 3324 301 3373 Le
309 3328 376 3371 terte
384 3321 429 3372 des
438 3321 537 3371 articles
544 3327 585 3371 cst
594 3319 701 3383 precede
709 3319 741 3369 dc
749 3326 816 3370 cette
826 3319 944 3371 reflexion
954 3333 1005 3383 qua
1011 3321 1038 3384 je
1047 3321 1113 3371 crois
1123 3321 1209 3372 devoir

178 3411 264 3474 placer
280 3423 311 3460 en
331 3415 413 3460 nctc:
434 3425 445 3456 r
464 3408 556 3458 Earum
576 3409 645 3471 pacis
665 3408 860 3458 conventionum
883 3413 957 3459 tenor
976 3409 1007 3458 ad
1026 3410 1133 3460 uerbum
1151 3410 1210 3458 talis

179 3499 303 3562 sequitur,
316 3497 337 3546 si
350 3497 408 3558 quis
420 3496 513 3547 clarius
530 3494 712 3545 desideraverit
728 3507 843 3545 noscare.
861 3495 932 3557 Quod
946 3496 967 3546 si
980 3497 1110 3558 prolixitas
1122 3509 1208 3546 aarum

180 3586 273 3648 tegenti
290 3584 419 3635 fastidium
436 3583 534 3643 afferat,
550 3585 640 3634 breves
657 3582 795 3633 summulas
812 3583 837 3632 in
860 3584 975 3644 margine
991 3584 1099 3646 scriptas
1115 3586 1208 3634 cursim

180 3671 309 3734 perlegere
320 3665 412 3732 poterit
426 3685 446 3719 r.

212 3755 250 3818 (5)
267 3756 300 3806 lci
314 3768 342 3806 sc
353 3755 470 3818 presente
483 3755 505 3804 la
523 3755 715 3818 traductionem
730 3753 801 3811 latin,
812 3753 846 3804 du
860 3752 935 3804 traitr‘e
947 3766 1030 3804 couno
1042 3767 1102 3804 sous
1115 3755 1138 3805 lc
1150 3768 1210 3806 nom

181 3843 213 3892 dc
226 3842 295 3892 l’cr‘m
305 3840 337 3890 de
347 3839 536 3897 Sciat-Trowl‚
548 3847 574 3890 et
585 3839 684 3902 conclu,
694 3838 718 3888 le
727 3841 759 3892 tt
768 3837 985 3898 decembre-tros,
993 3846 1066 3891 entre
1075 3840 1099 3890 le
1111 3853 1170 3903 pays
1179 3840 1211 3892 de

184 3929 257 3991 titre
269 3930 314 3985 llos
330 3929 401 3978 villas
412 3928 445 3977 de
459 3929 512 3990 tluy
524 3933 552 3977 et
563 3927 595 3976 de
606 3927 697 3976 Dinant
712 3925 855 3989 excepte'es)
870 3933 894 3977 et
909 3926 932 3976 le
945 3926 995 3976 duc
1007 3927 1039 3976 de
1055 3928 1209 3991 Bourgogue.

183 4015 284 4067 Comme
298 4028 328 4066 cc
341 4016 477 4065 document
490 4027 518 4064 sc
528 4022 616 4063 trouve
627 4012 744 4075 imprime
756 4012 819 4062 dans
831 4011 854 4062 la
865 4011 1006 4064 Collection
1017 4014 1048 4064 de
1062 4014 1212 4064 documenta
