3126 4906
529 445 538 457 ‘
631 467 783 567 (rm)

189 612 344 691 primiore,
356 613 467 691 legatus
481 629 583 672 secum
596 613 704 672 sumsit
715 609 756 690 (l)
771 630 807 671 ex
822 612 937 672 clericis
951 613 1081 674 loannes
1096 612 1221 674 dltelost

188 711 371 789 decanusffl)
382 731 418 771 es
427 711 593 789 biziburgo,
604 711 844 772 bartholomeum
856 730 891 772 ex
904 713 1012 784 Brixia,
1025 712 1221 791 presbiteros,

191 832 227 872 cx
239 813 422 873 secularibus
432 814 594 872 Zuccerum
611 813 831 873 oxTudertoet
842 815 963 875 Petrum
980 833 1016 874 ex
1032 814 1154 875 Perusia
1165 813 1221 896 (5);

190 913 310 990 sequuti
319 922 390 972 sunt
401 924 501 992 postea
510 910 810 990 magisterllobcrtus
821 914 972 973 carmelita
980 921 1011 974 et
1021 901 1221 989 llcrmannus,

189 1014 346 1093 numptius
357 1013 495 1092 publicus
508 1013 605 1092 legati,
616 1013 925 1093 munitusinsignibus
938 1014 1087 1096 pontilicis
1099 1016 1220 1077 maximi

190 1117 281 1176 Pauli.
307 1116 397 1176 Venit
423 1116 621 1196 personaliter
644 1117 742 1196 drgue
770 1113 838 1176 corn
864 1118 1080 1198 quinquaginta
1101 1137 1137 1177 ex
1158 1117 1221 1179 suis

188 1217 420 1290 comilitonibus,
435 1237 540 1278 omnes
551 1219 667 1291 armati,
684 1230 714 1278 et
729 1221 870 1297 perviam
886 1202 982 1296 legato
993 1237 1129 1280 seorsum
1141 1219 1221 1280 reie-

189 1318 385 1378 censebam
406 1320 570 1379 marescalli
588 1320 772 1379 vocationem
793 1339 853 1378 non
877 1319 941 1382 iore
963 1322 1019 1380 nisi
1042 1320 1078 1379 ad
1099 1319 1220 1398 aliquod

189 1422 302 1480 malum
317 1419 566 1499 perpetrandum:
580 1421 631 1480 scd
643 1439 675 1480 sc
685 1439 753 1480 cunr
766 1421 827 1499 suis
838 1421 988 1492 omuibus,
998 1440 1073 1499 quos
1085 1421 1149 1480 iere
1160 1421 1221 1480 duo

188 1521 268 1580 milia
295 1520 439 1590 habebat,
464 1522 563 1598 potius
592 1522 760 1600 periturum
787 1539 877 1598 quam
904 1524 1122 1601 permissurum
1151 1540 1219 1582 cum

187 1621 299 1701 aliquid
314 1621 433 1680 sinistro
448 1639 535 1698 agere
547 1642 574 1680 a.

229 1721 357 1782 Profecti
365 1740 469 1781 sumus
480 1722 568 1800 paulo
581 1732 646 1799 post
657 1721 725 1780 solis
735 1740 881 1796 oceasum,
890 1722 1029 1782 omnibus
1039 1724 1127 1802 legati
1136 1724 1221 1786 iami-

187 1824 313 1885 liaribus
333 1825 385 1901 qui
405 1823 485 1903 apud
501 1843 551 1883 eos
566 1824 761 1885 remanebant
775 1824 918 1885 flentibus
934 1826 970 1885 ad
986 1827 1141 1901 fenestras,
1157 1829 1220 1890 viso

187 1943 305 1984 recessu
322 1936 351 1985 et
366 1936 549 1987 armatorum
572 1923 728 1985 comitiva:
746 1943 821 2001 quos
836 1925 949 2004 legatus
972 1928 1068 2004 palam
1089 1929 1220 2006 graviter

187 2026 335 2104 increpuit
347 2036 375 2086 et
385 2024 571 2085 bonoanimo
585 2044 650 2085 esse
658 2025 757 2103 jussit,
769 2045 800 2086 sc
813 2036 880 2104 post
892 2037 1022 2103 quatuor
1033 2026 1123 2088 boras
1135 2039 1165 2089 et
1177 2029 1219 2108 (l)

186 2126 267 2204 ipsos
279 2125 449 2186 rediturum
471 2144 618 2195 asserens3
641 2124 889 2204 comendavitque
911 2145 1016 2187 omnes
1038 2129 1219 2205 quibusdam

187 2224 337 2286 nobilibus
354 2236 387 2286 ut
401 2245 503 2287 curam
518 2245 624 2287 eorum
646 2227 845 2304 susciperent,
859 2229 1009 2306 recepturi
1025 2228 1062 2288 ab
1079 2230 1219 2291 omnibus

185 2327 416 2388 retributionem
428 2326 617 2406 condignam,
625 2335 716 2406 prout
728 2328 838 2388 factum
851 2338 904 2389 est.
917 2329 982 2389 Non
994 2329 1111 2408 longius
1126 2332 1220 2394 tribus

185 2440 236 2488 aut
251 2422 394 2506 quattuor·
408 2447 551 2507 passuum
566 2429 687 2490 milibus
701 2427 827 2489 aberant
838 2441 933 2489 castra
949 2432 1124 2506 marescalli,
1139 2434 1220 2512 apud

185 2529 286 2588 villam
304 2548 393 2606 quam
410 2541 516 2590 vocant
530 2533 672 2609 Beyrsees
687 2527 739 2610 (5),
759 2540 934 2607 poteratque
949 2529 1023 2590 illud
1040 2531 1097 2592 iter
1112 2532 1218 2592 confici

187 2649 246 2688 oua
269 2629 342 2690 hora
363 2640 414 2690 aut
429 2629 518 2708 paulo
538 2630 605 2708 plus
620 2649 628 2687 z
643 2630 775 2689 nescitur
798 2639 897 2689 tamen
919 2629 957 2689 ob
979 2648 1068 2706 quarn
1091 2650 1219 2706 causam,

186 2731 274 2808 longo
291 2728 405 2790 itineris
421 2740 572 2808 protracto
585 2729 711 2788 circuitu
729 2747 783 2808 pcr
795 2747 846 2790 cos
860 2730 912 2806 qui
927 2748 981 2790 nos
997 2729 1155 2807 ducebant,
1170 2733 1219 2792 vix

187 2831 283 2892 tribus
299 2831 381 2891 boris
396 2832 432 2904 ad
447 2831 546 2890 locum
562 2821 768 2910 pervenimus,
784 2831 814 2890 io
829 2831 965 2890 maximis
981 2831 1113 2893 tenebris
1124 2833 1219 2893 noctis

185 2943 214 2994 et
227 2933 365 3010 plurimis
377 2943 560 2993 armatorum
575 2931 744 3012 agminibus
756 2932 842 2993 nobis
853 2932 971 2992 obviam
983 2932 1076 3004 lactis,
1089 2942 1122 2993 ut
1135 2933 1219 2995 facile

185 3036 253 3112 quis
274 3036 418 3113 suspicari
440 3045 539 3112 posset
560 3033 641 3111 quod
664 3034 693 3093 in
714 3052 788 3094 aurc
804 3034 903 3095 fuerat
917 3041 1218 3097 antea'susurratum.

187 3139 348 3196 Venientes
358 3136 452 3215 igitur
462 3135 498 3195 ad
511 3136 653 3215 palatium
665 3138 818 3214 Beyrsees,
830 3136 925 3196 lactus
937 3145 982 3196 est
992 3137 1087 3218 legato
1099 3136 1217 3198 obviam

185 3239 249 3315 ipsc
266 3238 454 3297 marescallus
465 3246 494 3298 et
506 3257 566 3296 una
580 3255 648 3298 cum
662 3255 698 3298 eo
709 3239 866 3319 episcopus
881 3237 1062 3311 Leodicnsis,
1078 3239 1218 3301 dominus

186 3338 223 3398 de
249 3337 485 3412 llombercourt,
516 3337 544 3399 d.
569 3340 675 3398 Petrus
699 3339 905 3401 llachembacb
934 3351 964 3400 et
985 3341 1086 3418 plures
1109 3341 1159 3401 alii
1181 3360 1218 3402 er

218 3627 254 3684 (1)
272 3625 343 3674 bisez
355 3624 476 3686 sumpsit.

219 3712 254 3773 (9)
272 3711 345 3761 Lisez
354 3708 709 3772 decanum-tiztburpum,
719 3708 905 3770 Luxembourg.
916 3707 951 3759 cf.
961 3707 1090 3760 ci-dessus
1100 3722 1164 3773 page
1172 3710 1214 3760 at.

217 3797 254 3861 (5)
272 3797 345 3847 Lisco
359 3797 478 3846 Perusia.
489 3793 591 3854 Brixia,
605 3795 707 3854 Brixem
722 3793 870 3852 Tudertem,
880 3792 953 3860 Todi3
970 3793 1088 3854 Perusia,
1098 3793 1217 3846 Pirouse.

218 3881 255 3944 tt)
271 3883 343 3932 Lisez
355 3883 398 3931 ad.

217 3969 255 4032 (5)
271 3970 372 4032 Bterset,
382 3980 516 4018 commuue
527 3968 561 4017 du
573 3972 664 4015 canton
676 3965 708 4016 de
722 3964 1029 4028 llotlogne-aux-Pierres.
