3088 4926
805 437 957 535 (too)

359 582 383 641 si
403 580 481 641 sorte
504 599 566 640 rem
588 581 685 640 acrius
707 579 885 658 processisse
909 578 1103 656 intelligeret,
1126 577 1268 655 quoniam
1285 579 1388 637 omnia

358 685 387 740 in
404 680 512 740 melius
533 680 729 765 procederent
743 699 832 757 quam
849 679 934 739 multi
948 679 1153 740 existimarent
1168 697 1197 750 »;
1212 688 1241 737 et
1257 696 1325 736 cum
1340 678 1389 736 his

357 782 503 842 mandatis
524 783 609 842 velox
628 782 762 857 recessit,
782 781 819 841 ad
840 799 937 860 genua
959 783 1047 859 legati
1072 779 1258 859 provolutus,
1277 781 1389 856 gratias

356 902 446 962 egens
460 883 539 961 quod
562 885 652 944 vitam
675 882 731 943 sibi
756 882 939 943 etomnibus
961 880 1132 963 Burgundis
1158 880 1307 953 donasset,
1333 881 1389 940 hee

18 1057 20 1066 „
357 986 456 1045 omnia
476 984 609 1052 fideliter¹
626 984 694 1043 duei
720 984 877 1043 relaturus.

18 1117 19 1120 ¹
99 1079 342 1184 ὓθέἒίῑῑῑῇῐζὶῃξθῖῑέἓζ
397 1086 512 1160 Quibus
529 1085 664 1164 peractis,
674 1087 803 1145 loannes
813 1083 850 1144 de
861 1083 971 1156 Ruild(
978 1084 1006 1153 ll
1017 1083 1054 1143 ad
1066 1101 1117 1143 eos
1128 1082 1243 1143 nobiles
1255 1082 1389 1161 captivos

127 1195 240 1242 diensium
252 1195 345 1262 netega·
358 1205 518 1247 conversus
534 1205 541 1244 :
558 1188 711 1260 (totunm,
730 1185 837 1261 inquit,
853 1184 1000 1256 novimus,
1019 1202 1037 1242 o
1057 1183 1113 1242 viri
1129 1183 1244 1244 nobiles
1266 1192 1296 1241 et
1316 1182 1390 1241 iusi·

126 1259 346 1358 ppacpmcppsscrppps
359 1310 377 1346 a
398 1307 482 1366 gnes,
493 1286 638 1346 nobilium
654 1305 751 1346 mores
766 1285 897 1347 cleliam
914 1285 1109 1354 rusticorum;
1128 1303 1181 1345 nos
1196 1283 1288 1343 fidem
1303 1283 1389 1343 vobis

39 1413 42 1424 ¹
79 1403 84 1407 ”
127 1374 286 1418 mmmm·
359 1411 377 1446 a
398 1389 497 1450 datam
516 1388 700 1448 servabimus
719 1387 756 1447 de
775 1388 869 1447 salute
888 1397 1083 1465 personarum
1103 1395 1281 1459 vestrarum,
1297 1395 1389 1463 prout

358 1511 375 1546 n
397 1507 484 1549 veros
500 1488 614 1548 nobiles
629 1499 658 1548 et
674 1489 781 1548 milites
799 1487 893 1562 decet,
915 1507 969 1547 nec
990 1487 1160 1547 dubitamus
1184 1485 1314 1545 vicissim
1337 1503 1389 1544 vos

357 1612 375 1646 a
397 1590 567 1650 inviolatam
579 1602 708 1649 vestram
719 1588 810 1648 fidem
822 1596 1001 1648 servaturos.
1012 1588 1126 1647 Scimus
1137 1599 1236 1646 autem
1250 1604 1386 1664 maguam

357 1713 374 1747 a
398 1690 551 1750 hominurn
573 1688 794 1749 multitudinem
817 1688 992 1748 decivitate
1016 1688 1185 1746 discessisse
1213 1697 1244 1745 ut
1269 1686 1307 1744 ad
1333 1704 1387 1746 nos

356 1814 375 1849 n
396 1793 526 1867 veniant,
543 1803 697 1870 postquam
716 1790 931 1868 intellexerunt
946 1789 1091 1868 oppidum
1114 1788 1169 1847 hoc
1190 1788 1318 1867 Tungris
1335 1805 1389 1864 per

357 1915 374 1950 a
396 1912 450 1953 nos
469 1906 588 1972 captum
604 1905 634 1952 et
649 1903 806 1970 optentum
820 1889 862 1972 (ft)
876 1911 883 1949 ε
899 1891 978 1950 inter
996 1909 1072 1968 quos
1093 1889 1179 1949 multi
1198 1888 1386 1948 diversarum

356 2015 374 2050 a
397 1996 561 2074 patriarum
578 1994 679 2053 rustici
695 1993 837 2066 aderunt,
854 2011 908 2052 nce
923 1991 1094 2051 dubitamus
1115 1992 1193 2067 ipsos
1208 1991 1246 2049 ad
1263 1990 1386 2067 predam

356 2116 374 2152 a
396 2103 425 2154 et
440 2105 569 2172 stragem
585 2095 721 2154 incensos
737 2093 847 2167 venire,
864 2092 1012 2169 fidemque
1036 2111 1089 2168 per
1111 2108 1165 2149 nos
1186 2091 1284 2149 datam
1308 2093 1386 2150 lorte

357 2217 374 2251 a
396 2207 619 2273 contempturos
645 2195 674 2253 in
701 2205 829 2253 vestram
847 2205 885 2278 ¹et
908 2195 1072 2253 multorum
1099 2193 1270 2271 pernitiem,
1294 2203 1383 2270 prout

357 2317 375 2352 a
396 2295 540 2374 ignobiles
556 2295 653 2354 lacere
666 2294 771 2365 solent,
787 2303 820 2352 ut
834 2293 937 2352 nostis.
948 2292 1074 2352 Videtur
1085 2297 1184 2369 itaque
1196 2293 1270 2351 milri
1283 2311 1384 2351 ncces·

357 2419 376 2452 a
397 2397 508 2457 sarium
523 2397 597 2471 lore,
609 2396 689 2456 salvo
701 2397 834 2455 omnium
847 2404 978 2454 vestrum
993 2395 1105 2455 meliori
1118 2395 1248 2466 consilio,
1260 2406 1293 2453 ut
1306 2395 1384 2472 lega-

357 2519 375 2555 »
398 2510 444 2558 tus
470 2510 499 2558 et
523 2499 679 2575 episeopus
704 2499 768 2556 sine
793 2515 875 2556 mora
901 2496 1054 2556 nobiscum
1071 2497 1219 2571 equitent
1245 2504 1275 2554 et
1301 2505 1382 2554 extra

357 2621 374 2656 a
396 2599 541 2678 oppidum
553 2600 583 2659 in
596 2600 707 2678 campis
718 2610 825 2658 exeant
836 2617 939 2658 versus
950 2597 1108 2668 civitatem,
1120 2598 1382 2675 supervenientem

357 2723 375 2758 a
398 2702 542 2781 populum
555 2722 569 2759 a
585 2702 684 2780 preda,
697 2710 794 2779 strage
810 2711 839 2760 et
854 2698 990 2758 incendio
1000 2697 1083 2777 opidi
1096 2699 1294 2775 reprimentes
1307 2707 1336 2756 el.
1347 2698 1382 2757 ad

357 2823 375 2859 a
397 2803 545 2881 civitatem
557 2822 616 2862 uua
628 2821 695 2862 eum
708 2803 749 2862 eis
762 2801 976 2861 reducentes».
989 2800 1101 2859 Placuit
1114 2818 1229 2858 summe
1243 2798 1384 2859 omnibus

357 2904 487 2983 episcopi
509 2915 539 2964 ct
559 2903 789 2981 Burgundorum
813 2900 985 2980 proceribus
1007 2900 1125 2960 salubre
1144 2900 1311 2959 consilium.
1326 2899 1384 2958 Sed

359 3006 560 3080 Hubereourl,
575 3005 780 3064 leodiensium
796 3004 898 3064 odium
912 3003 942 3061 in
959 3022 990 3062 se
1004 2991 1116 3062 veritus
1135 3012 1164 3060 et
1183 3003 1331 3076 sevitiam,
1347 3021 1384 3060 ne

359 3107 389 3166 in
410 3107 457 3167 via
479 3107 516 3167 ab
537 3107 584 3165 his
605 3106 837 3182 discerperetur,
860 3106 987 3182 legatum
1010 3105 1135 3183 supplex
1157 3105 1271 3182 rogavit
1293 3123 1330 3162 ne
1353 3122 1384 3162 se

359 3209 510 3269 desereret
532 3207 674 3285 usquead
692 3209 790 3266 locum
805 3216 903 3266 tutum
919 3225 1023 3268 versus
1038 3206 1382 3276 Sanctum-Trudonem3

358 3320 477 3369 econtra
496 3309 652 3387 episcopus
675 3308 754 3367 nolle
774 3327 790 3367 a
813 3327 843 3367 se
865 3309 993 3387 legatum
1008 3308 1139 3385 separari
1155 3327 1208 3366 nee
1223 3308 1304 3382 solus
1319 3307 1384 3366 sine

357 3411 421 3487 ipso
433 3409 580 3469 civitatem
596 3409 711 3487 ingredi
727 3408 942 3482 contendebat3
956 3427 1047 3486 quare
1061 3409 1174 3488 legatus
1187 3408 1215 3466 in
1229 3407 1282 3466 hae
1295 3407 1384 3466 mise-

359 3512 449 3570 randa
461 3511 650 3570 contentione
663 3509 787 3585 medius,
798 3511 890 3570 suasit
901 3511 1040 3589 episeopo
1053 3513 1093 3586 u't,
1106 3519 1262 3587 postquam
1278 3527 1384 3570 omnes

359 3623 388 3672 et
409 3613 465 3692 ipsi
487 3612 547 3672 duo
568 3613 655 3670 simul
682 3611 836 3688 usquead
864 3621 980 3690 portam
1006 3611 1155 3690 progressi
1181 3623 1294 3683 essent,
1321 3612 1386 3688 ipse

390 3885 428 3950 (l)
445 3883 512 3934 C'est
523 3883 638 3944 toujours
649 3881 710 3931 lean
723 3881 754 3931 dc
766 3880 857 3930 Wilde.

392 3969 427 4035 (ἓ)
446 3969 496 4029 Sic,
507 3981 572 4030 pour
582 3964 719 4017 obtentum.
