3088 4926
608 402 733 502 (89)

155 546 318 619 afferentis,
330 545 366 605 sd
377 545 464 622 legati
479 545 648 606 cubiculum
657 545 718 623 jani
733 545 912 623 quiescentis
924 545 1111 606 intromissos
1123 556 1181 616 est;

154 646 283 724 dataque
303 656 406 706 mutua
427 645 564 706 familiari
583 654 613 706 et
629 645 758 725 jocundo
774 645 968 716 salutatione,
990 665 1082 726 super
1094 648 1181 727 legati

153 747 323 808 cubiculum
335 746 550 826 cogitabundus
561 748 745 822 sedens,bec⁴
752 749 781 808 in
794 747 1030 828 sentcntiagravi
1042 768 1180 811 sermone
1196 829 1199 836 Ι

154 849 321 927 protulitta
331 850 451 908 Fuimus
464 867 557 926 usque
570 849 601 910 in
613 848 689 908 hanc
700 847 814 922 boram,
828 867 874 908 mc
886 859 1017 924 auctore,
1028 851 1058 909 iu
1068 862 1180 910 secreto

154 972 172 1006 n
194 949 317 1010 consilio
328 968 419 1026 super
430 967 574 1028 responso
587 949 684 1028 pridie
694 969 721 1010 v.
735 970 758 1010 r,
771 951 942 1028 paternitati
957 949 1025 1010 dato
1039 951 1077 1012 dc
1088 952 1181 1012 salvo

153 1072 172 1108 n
193 1049 343 1110 conductu
362 1047 460 1109 dando
482 1048 596 1109 civibus
615 1049 836 1124 leodiensibus,
850 1069 905 1128 per
926 1039 1005 1129 ipsos
1029 1053 1121 1131 petito
1148 1064 1180 1113 ut

153 1173 172 1208 »
194 1151 275 1211 bunc
285 1151 383 1211 locum
398 1168 501 1210 securo
513 1159 614 1229 petere
625 1152 741 1230 possint
758 1169 812 1231 pro
823 1150 1026 1212 concludenda
1039 1153 1179 1231 paeejam

153 1276 171 1312 n
194 1265 326 1328 tractata,
349 1265 378 1314 ct
399 1254 470 1331 ipsis
492 1273 632 1332 expresse
649 1264 770 1334 negat03
788 1255 868 1331 quod
887 1273 1065 1342 responsum
1088 1275 1180 1335 nega-

153 1378 171 1414 »
193 1356 287 1416 tivum
315 1365 395 1416 certe
415 1355 488 1414 milri
512 1365 540 1414 et
570 1354 705 1433 pluribus
725 1356 790 1415 aliis
811 1355 848 1415 de
872 1356 994 1417 consilio
1011 1357 1094 1417 ducis
1119 1376 1179 1416 non

152 1481 170 1515 s
193 1457 312 1536 placuit,
327 1466 467 1534 tauquam
483 1457 579 1518 omnis
595 1466 737 1518 tractatus
747 1457 904 1519 concordie
919 1467 949 1518 et
964 1459 1043 1536 pacis
1058 1459 1178 1537 penitus

152 1581 171 1617 n
193 1559 376 1618 exclusivum
399 1566 429 1617 et
441 1556 642 1635 desperatum.
654 1559 800 1618 llutalum
814 1558 845 1620 id
860 1561 1046 1638 propositum
1062 1571 1117 1631 cst,
1133 1579 1180 1620 me

152 1680 170 1716 n
192 1670 312 1718 auctore
333 1669 362 1718 ct
383 1657 555 1736 impulsore,
574 1668 604 1716 et
629 1658 762 1718 unanimi
775 1677 922 1719 consensu
940 1660 1124 1734 conclusum,
1146 1671 1180 1720 ut

152 1780 170 1816 n
193 1779 220 1818 v.
236 1779 259 1818 r.
275 1757 303 1836 p.
314 1777 485 1819 assecurare
497 1759 591 1837 possit
605 1776 708 1819 omnes
721 1776 916 1837 quoscunque
928 1759 1031 1819 venire
1046 1760 1179 1820 volentes

152 1881 170 1916 »
188 1858 229 1918 ad
255 1859 361 1919 bonam
381 1861 504 1938 gratiam
530 1859 644 1920 domini
659 1859 751 1922 ducis.
767 1863 884 1922 Bonum
900 1861 991 1940 igitur
1007 1861 1124 1922 videtur
1147 1871 1180 1920 nt

151 1983 169 2018 n
191 1979 308 2021 summo
334 1980 421 2021 mane
445 1961 599 2040 numptius
617 1962 654 2021 ad
678 1962 826 2023 civitatem
859 1963 998 2022 mictatur
1026 1962 1081 2022 hec
1104 1964 1178 2023 noti-

150 2083 169 2118 »
191 2061 299 2131 ficans;
317 2071 348 2121 et
373 2080 427 2140 ego
445 2063 567 2122 interim
594 2063 706 2122 litteras
725 2061 816 2140 hujus
835 2062 959 2122 effectus
983 2061 1047 2122 fieri
1066 2083 1176 2141 procu·
1193 2088 1321 2148 Responsio
1331 2086 1400 2148 legati
1408 2086 1449 2132 ad

152 2183 170 2219 n
193 2161 305 2221 rabo.»
317 2162 360 2220 nd
372 2161 427 2221 hec
436 2162 549 2240 legatus
560 2182 567 2221 :
577 2185 595 2220 α
608 2163 793 2241 ὃοίε,ἰηᾳυίῑ,
805 2164 851 2222 vir
861 2162 995 2241 insignis,
1007 2182 1054 2223 rue
1067 2165 1178 2242 pluries
1269 2146 1362 2206 Bergez.

151 2282 169 2318 n
194 2261 284 2322 verbo
301 2274 330 2322 ot
347 2263 455 2322 litteris
475 2264 512 2322 dc
524 2264 624 2322 multis
642 2263 793 2341 promissis
809 2263 902 2324 luisse
917 2264 1084 2342 deceptum.
1098 2265 1174 2324 Duxi

152 2384 170 2419 n
192 2363 318 2424 civitatis
340 2357 473 2423 oratores
497 2383 554 2423 uua
577 2383 693 2424 mecum
711 2364 879 2442 Trajeclum
896 2382 951 2441 pro
969 2383 1038 2442 pace
1050 2363 1087 2424 ad
1103 2365 1179 2443 epis·

153 2485 170 2520 n
192 2481 318 2540 copum:
335 2473 364 2523 ct
375 2463 406 2523 in
430 2463 475 2522 via
497 2463 657 2525 redeuntes
670 2463 828 2524 inhoneste
842 2465 920 2543 capti
936 2476 1007 2524 sunt
1020 2465 1178 2544 perdomi-

153 2587 171 2622 n
193 2583 248 2624 nos
258 2564 295 2626 de
305 2565 454 2645 Argental‚
465 2574 569 2626 contra
582 2564 670 2629 fidem
683 2567 770 2626 ctiam
782 2567 894 2646 scripto
905 2567 1013 2628 datam.
1026 2567 1178 2628 Pollicitus

153 2687 171 2723 n
194 2675 238 2726 est
251 2667 407 2747 episcopus
419 2666 588 2729 leodiensis
600 2687 655 2747 per
665 2668 843 2747 scripturum
856 2687 945 2728 manu
958 2688 1010 2728 sua
1023 2669 1180 2749 signatum,

154 2789 171 2824 n
193 2786 225 2828 se
237 2768 311 2828 velle
323 2767 469 2829 civitatem
481 2769 607 2848 ingredi,
618 2769 998 2848 cumsuissubditlspacem
1009 2769 1179 2840 habiturus,

153 2889 171 2924 n
195 2885 301 2946 rogans
318 2887 365 2928 mc
381 2869 526 2930 instanter
545 2879 577 2929 ut
591 2869 627 2929 ad
644 2869 792 2930 civitatem
808 2870 937 2930 redirem
953 2881 982 2930 ct
997 2870 1095 2948 ipsum
1110 2888 1177 2930 cuni

154 2989 171 3025 o
194 2967 308 3028 honore
328 2970 420 3047 recipi
434 2987 591 3041 curarem
606 2968 661 3030 leci
683 2969 764 3048 quod
786 2970 922 3053 petierat,
944 2970 1057 3048 etipse,
1076 2978 1178 3030 contra
1260 2997 1262 3002 ·

153 3092 171 3128 n
194 3070 282 3130 fidem
315 3070 424 3145 damin,
458 3089 562 3149 magna
596 3073 641 3132 sui
676 3071 785 3150 populi
803 3071 933 3149 jocunda
965 3071 1179 3149 expectatione,

152 3193 170 3229 n
192 3170 314 3245 deiecit,
339 3191 375 3232 ex
397 3173 453 3233 levi
477 3184 507 3233 ut
529 3173 637 3251 opinor
657 3192 756 3248 causa,
785 3192 845 3233 non
872 3173 936 3233 siue
962 3191 1090 3253 persone
1113 3192 1177 3233 mee

154 3295 172 3332 a
195 3274 326 3354 periculo
345 3272 449 3334 etrite
469 3272 650 3347 discrimine,
667 3294 734 3335 curn
753 3283 895 3351 putarent
911 3274 1046 3334 suetiam
1064 3293 1117 3354 per
1132 3293 1179 3334 mc

155 3398 172 3434 n
194 3375 259 3435 sore
277 3374 424 3454 deceptos.
448 3376 533 3435 Nono
552 3385 667 3448 autem,
688 3377 717 3436 iu
743 3385 824 3436 tanto
843 3393 944 3435 rerum
971 3374 1090 3434 turbine
1109 3374 1181 3452 quid

155 3498 172 3534 n
194 3475 267 3536 ccrti
280 3475 411 3553 polliceri
423 3475 532 3554 possim
546 3484 578 3534 ut
589 3474 678 3535 fidem
689 3474 851 3536 adhibeant
863 3475 946 3549 mihi,
959 3476 1029 3535 satis
1043 3475 1179 3553 ambigo;

155 3599 173 3634 »
195 3576 247 3636 scd
275 3575 331 3636 hoc
356 3576 428 3636 mihi
456 3576 621 3637 consultius
645 3575 765 3636 videtur
779 3587 810 3635 ut
829 3584 860 3634 tu
883 3576 960 3636 cives
978 3575 1178 3653 alloquaris,a

155 3699 173 3735 »
195 3677 304 3754 quibus
331 3676 391 3737 scio
416 3675 494 3754 qnod
523 3675 648 3736 dilectus
673 3694 716 3748 es,
744 3675 798 3734 bac
824 3685 967 3753 potestate
988 3693 1076 3753 quiam
1103 3674 1176 3734 mibi

154 3799 173 3836 >i
196 3777 302 3837 tribuis
312 3779 342 3836 in
355 3777 473 3856 scriptis
487 3776 564 3837 edita
576 3786 605 3838 et
616 3776 686 3857 ipsis
698 3777 823 3855 vulgate.
840 3797 857 3833 n
870 3811 905 3821 -
919 3798 937 3834 a
950 3777 1015 3836 Non
1027 3776 1179 3850 auderem,
1193 3799 1323 3860 Responsio
1354 3796 1439 3856 uaga

155 3901 173 3938 n
195 3879 294 3957 inquit
311 3881 430 3958 Bergez,
446 3879 525 3938 solus
540 3877 688 3939 civitatem
708 3877 834 3957 ingredi,
850 3877 906 3940 uisi
922 3888 1020 3938 tecum
1039 3896 1144 3938 essem.
1160 3899 1178 3935 »
1221 3857 1439 3974 fggfflugg‘i'ssfffn}

1221 3972 1306 4022 habita.
