<?xml version="1.0" encoding="UTF-8"?>
<!DOCTYPE html PUBLIC "-//W3C//DTD XHTML 1.0 Transitional//EN"
    "http://www.w3.org/TR/xhtml1/DTD/xhtml1-transitional.dtd">
<html xmlns="http://www.w3.org/1999/xhtml" xml:lang="en" lang="en">
 <head>
  <title>
</title>
<meta http-equiv="Content-Type" content="text/html;charset=utf-8" />
  <meta name='ocr-system' content='tesseract 3.04.00' />
  <meta name='ocr-capabilities' content='ocr_page ocr_carea ocr_par ocr_line ocrx_word'/>
</head>
<body>
  <div class='ocr_page' id='page_1' title='image "./mmoiredulgatonu00bormgoog_0211.png"; bbox 0 0 3126 4906; ppageno 0'>
   <div class='ocr_carea' id='block_1_1' title="bbox 328 587 1380 2492">
    <p class='ocr_par' dir='ltr' id='par_1_1' title="bbox 328 587 1380 2492">
     <span class='ocr_line' id='line_1_1' title="bbox 328 587 1364 668; baseline 0.002 -19"><span class='ocrx_word' id='word_1_1' title='bbox 328 587 423 662; x_wconf 82' lang='lat' dir='ltr'>ducis,</span> <span class='ocrx_word' id='word_1_2' title='bbox 434 589 552 650; x_wconf 79' lang='lat' dir='ltr'>decretu</span> <span class='ocrx_word' id='word_1_3' title='bbox 564 599 626 662; x_wconf 70' lang='grc' dir='ltr'>εει)</span> <span class='ocrx_word' id='word_1_4' title='bbox 637 607 670 648; x_wconf 82' lang='lat' dir='ltr'>au</span> <span class='ocrx_word' id='word_1_5' title='bbox 677 589 764 667; x_wconf 78' lang='lat' dir='ltr'>jussu</span> <span class='ocrx_word' id='word_1_6' title='bbox 777 588 863 648; x_wconf 82' lang='lat' dir='ltr'>ducis</span> <span class='ocrx_word' id='word_1_7' title='bbox 875 596 1019 648; x_wconf 78' lang='lat' dir='ltr'>statutum</span> <span class='ocrx_word' id='word_1_8' title='bbox 1032 599 1066 647; x_wconf 89' lang='lat' dir='ltr'>ut</span> <span class='ocrx_word' id='word_1_9' title='bbox 1076 588 1236 667; x_wconf 82' lang='lat' dir='ltr'>episeopus</span> <span class='ocrx_word' id='word_1_10' title='bbox 1244 590 1364 668; x_wconf 87' lang='lat' dir='ltr'>primus</span> 
     </span>
     <span class='ocr_line' id='line_1_2' title="bbox 328 687 1362 771; baseline -0.001 -19"><span class='ocrx_word' id='word_1_11' title='bbox 328 689 432 752; x_wconf 82' lang='lat' dir='ltr'>eontra</span> <span class='ocrx_word' id='word_1_12' title='bbox 447 691 597 750; x_wconf 79' lang='lat' dir='ltr'>civitatem</span> <span class='ocrx_word' id='word_1_13' title='bbox 616 690 762 751; x_wconf 87' lang='lat' dir='ltr'>insultum</span> <span class='ocrx_word' id='word_1_14' title='bbox 783 700 895 771; x_wconf 75' lang='lat' dir='ltr'>ageret,</span> <span class='ocrx_word' id='word_1_15' title='bbox 913 687 1022 750; x_wconf 84' lang='lat' dir='ltr'>deinde</span> <span class='ocrx_word' id='word_1_16' title='bbox 1042 689 1107 749; x_wconf 82' lang='lat' dir='ltr'>aliis</span> <span class='ocrx_word' id='word_1_17' title='bbox 1120 690 1197 768; x_wconf 84' lang='lat' dir='ltr'>signi</span> <span class='ocrx_word' id='word_1_18' title='bbox 1211 690 1254 771; x_wconf 86' lang='lat' dir='ltr'>(i)</span> <span class='ocrx_word' id='word_1_19' title='bbox 1274 689 1362 768; x_wconf 83' lang='lat' dir='ltr'>dotis,</span> 
     </span>
     <span class='ocr_line' id='line_1_3' title="bbox 330 778 1380 872; baseline 0.001 -20"><span class='ocrx_word' id='word_1_20' title='bbox 330 793 455 871; x_wconf 84' lang='lat' dir='ltr'>quisque</span> <span class='ocrx_word' id='word_1_21' title='bbox 469 791 499 852; x_wconf 93' lang='lat' dir='ltr'>in</span> <span class='ocrx_word' id='word_1_22' title='bbox 513 793 576 852; x_wconf 87' lang='lat' dir='ltr'>suis</span> <span class='ocrx_word' id='word_1_23' title='bbox 591 792 662 853; x_wconf 83' lang='lat' dir='ltr'>locis</span> <span class='ocrx_word' id='word_1_24' title='bbox 674 804 885 872; x_wconf 74' lang='lat' dir='ltr'>sequerentur,</span> <span class='ocrx_word' id='word_1_25' title='bbox 897 801 930 853; x_wconf 91' lang='lat' dir='ltr'>ut</span> <span class='ocrx_word' id='word_1_26' title='bbox 945 790 1003 852; x_wconf 81' lang='lat' dir='ltr'>hos</span> <span class='ocrx_word' id='word_1_27' title='bbox 1016 792 1114 852; x_wconf 82' lang='lat' dir='ltr'>coloro</span> <span class='ocrx_word' id='word_1_28' title='bbox 1126 793 1215 870; x_wconf 88' lang='lat' dir='ltr'>primi</span> <span class='ocrx_word' id='word_1_29' title='bbox 1231 793 1364 853; x_wconf 84' lang='lat' dir='ltr'>insultus</span> <span class='ocrx_word' id='word_1_30' title='bbox 1376 778 1380 783; x_wconf 52' lang='grc'><strong>’</strong></span> 
     </span>
     <span class='ocr_line' id='line_1_4' title="bbox 330 887 1370 976; baseline 0 -20"><span class='ocrx_word' id='word_1_31' title='bbox 330 915 384 975; x_wconf 86' lang='lat' dir='ltr'>per</span> <span class='ocrx_word' id='word_1_32' title='bbox 404 896 578 976; x_wconf 84' lang='lat' dir='ltr'>episcopum</span> <span class='ocrx_word' id='word_1_33' title='bbox 600 896 679 972; x_wconf 82' lang='lat' dir='ltr'>footi,</span> <span class='ocrx_word' id='word_1_34' title='bbox 704 896 775 959; x_wconf 79' lang='lat' dir='ltr'>hetti</span> <span class='ocrx_word' id='word_1_35' title='bbox 798 887 912 975; x_wconf 84' lang='lat' dir='ltr'>justitio</span> <span class='ocrx_word' id='word_1_36' title='bbox 937 903 967 955; x_wconf 86' lang='lat' dir='ltr'>et</span> <span class='ocrx_word' id='word_1_37' title='bbox 992 896 1153 956; x_wconf 78' lang='lat' dir='ltr'>auotoritas</span> <span class='ocrx_word' id='word_1_38' title='bbox 1177 896 1370 956; x_wconf 79' lang='lat' dir='ltr'>firmaretur.-</span> 
     </span>
     <span class='ocr_line' id='line_1_5' title="bbox 330 997 1363 1077; baseline 0 -21"><span class='ocrx_word' id='word_1_39' title='bbox 330 997 438 1057; x_wconf 64' lang='lat' dir='ltr'>lntolit‘</span> <span class='ocrx_word' id='word_1_40' title='bbox 449 997 540 1075; x_wconf 81' lang='lat' dir='ltr'>igitur</span> <span class='ocrx_word' id='word_1_41' title='bbox 561 997 719 1077; x_wconf 78' lang='lat' dir='ltr'>opiscopus</span> <span class='ocrx_word' id='word_1_42' title='bbox 733 1016 801 1060; x_wconf 84' lang='lat' dir='ltr'>oum</span> <span class='ocrx_word' id='word_1_43' title='bbox 818 997 864 1060; x_wconf 86' lang='lat' dir='ltr'>his</span> <span class='ocrx_word' id='word_1_44' title='bbox 879 1000 931 1074; x_wconf 88' lang='lat' dir='ltr'>qui</span> <span class='ocrx_word' id='word_1_45' title='bbox 945 1015 1045 1056; x_wconf 83' lang='lat' dir='ltr'>seeum</span> <span class='ocrx_word' id='word_1_46' title='bbox 1066 1005 1153 1058; x_wconf 81' lang='lat' dir='ltr'>oront</span> <span class='ocrx_word' id='word_1_47' title='bbox 1172 998 1272 1076; x_wconf 92' lang='lat' dir='ltr'>primo</span> <span class='ocrx_word' id='word_1_48' title='bbox 1289 997 1363 1058; x_wconf 81' lang='lat' dir='ltr'>civi·</span> 
     </span>
     <span class='ocr_line' id='line_1_6' title="bbox 330 1089 1371 1178; baseline 0 -21"><span class='ocrx_word' id='word_1_49' title='bbox 330 1098 381 1157; x_wconf 82' lang='lat' dir='ltr'>tnti</span> <span class='ocrx_word' id='word_1_50' title='bbox 398 1097 509 1158; x_wconf 79' lang='lat' dir='ltr'>betium</span> <span class='ocrx_word' id='word_1_51' title='bbox 521 1097 556 1157; x_wconf 83' lang='lat' dir='ltr'>ad</span> <span class='ocrx_word' id='word_1_52' title='bbox 569 1109 654 1174; x_wconf 82' lang='lat' dir='ltr'>portu</span> <span class='ocrx_word' id='word_1_53' title='bbox 671 1097 712 1178; x_wconf 71' lang='lat' dir='ltr'>(i)</span> <span class='ocrx_word' id='word_1_54' title='bbox 728 1095 990 1158; x_wconf 77' lang='lat' dir='ltr'>Stricti-toonsrdi</span> <span class='ocrx_word' id='word_1_55' title='bbox 1011 1096 1059 1177; x_wconf 86' lang='lat' dir='ltr'>(de</span> <span class='ocrx_word' id='word_1_56' title='bbox 1080 1114 1138 1172; x_wconf 83' lang='lat' dir='ltr'>qus</span> <span class='ocrx_word' id='word_1_57' title='bbox 1154 1115 1187 1157; x_wconf 85' lang='lat' dir='ltr'>re</span> <span class='ocrx_word' id='word_1_58' title='bbox 1203 1115 1258 1175; x_wconf 85' lang='lat' dir='ltr'>per</span> <span class='ocrx_word' id='word_1_59' title='bbox 1271 1089 1371 1157; x_wconf 63' lang='lat' dir='ltr'>inter-3</span> 
     </span>
     <span class='ocr_line' id='line_1_7' title="bbox 329 1197 1363 1279; baseline 0 -21"><span class='ocrx_word' id='word_1_60' title='bbox 329 1199 483 1278; x_wconf 88' lang='lat' dir='ltr'>numptios</span> <span class='ocrx_word' id='word_1_61' title='bbox 509 1199 623 1278; x_wconf 76' lang='lat' dir='ltr'>legatus</span> <span class='ocrx_word' id='word_1_62' title='bbox 649 1200 824 1278; x_wconf 80' lang='lat' dir='ltr'>episcopum</span> <span class='ocrx_word' id='word_1_63' title='bbox 848 1198 980 1279; x_wconf 77' lang='lat' dir='ltr'>graviter</span> <span class='ocrx_word' id='word_1_64' title='bbox 1004 1197 1164 1276; x_wconf 76' lang='lat' dir='ltr'>increpuit,</span> <span class='ocrx_word' id='word_1_65' title='bbox 1188 1197 1269 1275; x_wconf 91' lang='lat' dir='ltr'>quod</span> <span class='ocrx_word' id='word_1_66' title='bbox 1293 1215 1363 1258; x_wconf 86' lang='lat' dir='ltr'>oum</span> 
     </span>
     <span class='ocr_line' id='line_1_8' title="bbox 330 1297 1364 1384; baseline 0 -26"><span class='ocrx_word' id='word_1_67' title='bbox 330 1311 450 1378; x_wconf 79' lang='lat' dir='ltr'>rogatus</span> <span class='ocrx_word' id='word_1_68' title='bbox 472 1298 508 1358; x_wconf 83' lang='lat' dir='ltr'>ad</span> <span class='ocrx_word' id='word_1_69' title='bbox 531 1317 631 1378; x_wconf 80' lang='lat' dir='ltr'>paoem</span> <span class='ocrx_word' id='word_1_70' title='bbox 657 1299 797 1360; x_wconf 89' lang='lat' dir='ltr'>dimissus</span> <span class='ocrx_word' id='word_1_71' title='bbox 820 1318 835 1357; x_wconf 78' lang='lat' dir='ltr'><strong>a</strong></span> <span class='ocrx_word' id='word_1_72' title='bbox 858 1298 973 1358; x_wconf 82' lang='lat' dir='ltr'>civibus</span> <span class='ocrx_word' id='word_1_73' title='bbox 997 1297 1084 1371; x_wconf 77' lang='lat' dir='ltr'>foret,</span> <span class='ocrx_word' id='word_1_74' title='bbox 1111 1298 1226 1376; x_wconf 89' lang='lat' dir='ltr'>primus</span> <span class='ocrx_word' id='word_1_75' title='bbox 1250 1297 1364 1384; x_wconf 63' lang='lat' dir='ltr'>bellum</span> 
     </span>
     <span class='ocr_line' id='line_1_9' title="bbox 330 1380 1364 1479; baseline -0.003 -17"><span class='ocrx_word' id='word_1_76' title='bbox 330 1404 496 1476; x_wconf 62' lang='lat' dir='ltr'>intulissem</span> <span class='ocrx_word' id='word_1_77' title='bbox 513 1403 564 1462; x_wconf 85' lang='lat' dir='ltr'>sed</span> <span class='ocrx_word' id='word_1_78' title='bbox 581 1402 655 1462; x_wconf 85' lang='lat' dir='ltr'>iliud</span> <span class='ocrx_word' id='word_1_79' title='bbox 669 1421 702 1462; x_wconf 79' lang='lat' dir='ltr'>ss</span> <span class='ocrx_word' id='word_1_80' title='bbox 715 1401 821 1462; x_wconf 82' lang='lat' dir='ltr'>iecisse</span> <span class='ocrx_word' id='word_1_81' title='bbox 835 1411 968 1461; x_wconf 80' lang='lat' dir='ltr'>coactum</span> <span class='ocrx_word' id='word_1_82' title='bbox 983 1409 1083 1479; x_wconf 69' lang='lat' dir='ltr'>posteo</span> <span class='ocrx_word' id='word_1_83' title='bbox 1098 1380 1225 1461; x_wconf 79' lang='lat' dir='ltr'>asseruit</span> <span class='ocrx_word' id='word_1_84' title='bbox 1239 1410 1269 1460; x_wconf 83' lang='lat' dir='ltr'>et</span> <span class='ocrx_word' id='word_1_85' title='bbox 1281 1399 1364 1479; x_wconf 82' lang='lat' dir='ltr'>opud</span> 
     </span>
     <span class='ocr_line' id='line_1_10' title="bbox 329 1494 1376 1584; baseline -0.002 -20"><span class='ocrx_word' id='word_1_86' title='bbox 329 1506 460 1584; x_wconf 78' lang='lat' dir='ltr'>legatum</span> <span class='ocrx_word' id='word_1_87' title='bbox 475 1523 506 1564; x_wconf 85' lang='lat' dir='ltr'>se</span> <span class='ocrx_word' id='word_1_88' title='bbox 524 1503 694 1583; x_wconf 79' lang='lat' dir='ltr'>excusavit).</span> <span class='ocrx_word' id='word_1_89' title='bbox 718 1494 954 1564; x_wconf 84' lang='lat' dir='ltr'>Substinuorunt</span> <span class='ocrx_word' id='word_1_90' title='bbox 968 1502 1144 1563; x_wconf 82' lang='lat' dir='ltr'>Leodiensos</span> <span class='ocrx_word' id='word_1_91' title='bbox 1161 1501 1276 1579; x_wconf 86' lang='lat' dir='ltr'>primos</span> <span class='ocrx_word' id='word_1_92' title='bbox 1293 1502 1376 1562; x_wconf 78' lang='lat' dir='ltr'>belli</span> 
     </span>
     <span class='ocr_line' id='line_1_11' title="bbox 329 1601 1377 1686; baseline -0.008 -18"><span class='ocrx_word' id='word_1_93' title='bbox 329 1609 460 1686; x_wconf 79' lang='lat' dir='ltr'>impetus</span> <span class='ocrx_word' id='word_1_94' title='bbox 473 1625 567 1685; x_wconf 89' lang='lat' dir='ltr'>usque</span> <span class='ocrx_word' id='word_1_95' title='bbox 576 1607 613 1668; x_wconf 82' lang='lat' dir='ltr'>od</span> <span class='ocrx_word' id='word_1_96' title='bbox 622 1607 740 1668; x_wconf 80' lang='lat' dir='ltr'>tertium</span> <span class='ocrx_word' id='word_1_97' title='bbox 753 1607 798 1666; x_wconf 87' lang='lat' dir='ltr'>vel</span> <span class='ocrx_word' id='word_1_98' title='bbox 812 1604 1032 1667; x_wconf 81' lang='lat' dir='ltr'>circiternootis</span> <span class='ocrx_word' id='word_1_99' title='bbox 1044 1603 1158 1678; x_wconf 82' lang='lat' dir='ltr'>horum,</span> <span class='ocrx_word' id='word_1_100' title='bbox 1170 1605 1247 1662; x_wconf 79' lang='lat' dir='ltr'>intra</span> <span class='ocrx_word' id='word_1_101' title='bbox 1260 1601 1377 1666; x_wconf 85' lang='lat' dir='ltr'>muros.</span> 
     </span>
     <span class='ocr_line' id='line_1_12' title="bbox 330 1705 1363 1778; baseline 0 -12"><span class='ocrx_word' id='word_1_102' title='bbox 330 1709 398 1769; x_wconf 80' lang='lat' dir='ltr'>iicet</span> <span class='ocrx_word' id='word_1_103' title='bbox 413 1709 528 1770; x_wconf 88' lang='lat' dir='ltr'>dirutos</span> <span class='ocrx_word' id='word_1_104' title='bbox 542 1728 574 1769; x_wconf 85' lang='lat' dir='ltr'>se</span> <span class='ocrx_word' id='word_1_105' title='bbox 586 1710 792 1777; x_wconf 59' lang='lat' dir='ltr'>continentem</span> <span class='ocrx_word' id='word_1_106' title='bbox 806 1707 938 1778; x_wconf 86' lang='lat' dir='ltr'>demum,</span> <span class='ocrx_word' id='word_1_107' title='bbox 949 1705 1056 1765; x_wconf 82' lang='lat' dir='ltr'>effluxo</span> <span class='ocrx_word' id='word_1_108' title='bbox 1071 1706 1159 1765; x_wconf 80' lang='lat' dir='ltr'>tertis</span> <span class='ocrx_word' id='word_1_109' title='bbox 1172 1706 1266 1765; x_wconf 85' lang='lat' dir='ltr'>noetis</span> <span class='ocrx_word' id='word_1_110' title='bbox 1278 1705 1363 1777; x_wconf 85' lang='lat' dir='ltr'>horo,</span> 
     </span>
     <span class='ocr_line' id='line_1_13' title="bbox 330 1805 1363 1890; baseline -0.002 -21"><span class='ocrx_word' id='word_1_111' title='bbox 330 1809 414 1888; x_wconf 82' lang='lat' dir='ltr'>signo</span> <span class='ocrx_word' id='word_1_112' title='bbox 436 1809 515 1882; x_wconf 84' lang='lat' dir='ltr'>doto,</span> <span class='ocrx_word' id='word_1_113' title='bbox 532 1810 657 1869; x_wconf 87' lang='lat' dir='ltr'>diversis</span> <span class='ocrx_word' id='word_1_114' title='bbox 668 1810 739 1870; x_wconf 85' lang='lat' dir='ltr'>louis</span> <span class='ocrx_word' id='word_1_115' title='bbox 755 1807 955 1886; x_wconf 77' lang='lat' dir='ltr'><strong>irruptionem</strong></span> <span class='ocrx_word' id='word_1_116' title='bbox 971 1805 1108 1866; x_wconf 80' lang='lat' dir='ltr'>fecerunt</span> <span class='ocrx_word' id='word_1_117' title='bbox 1122 1805 1178 1866; x_wconf 87' lang='lat' dir='ltr'>hoo</span> <span class='ocrx_word' id='word_1_118' title='bbox 1192 1806 1298 1867; x_wconf 84' lang='lat' dir='ltr'>ordino</span> <span class='ocrx_word' id='word_1_119' title='bbox 1308 1805 1363 1890; x_wconf 78' lang='lat' dir='ltr'>(t),</span> 
     </span>
     <span class='ocr_line' id='line_1_14' title="bbox 330 1905 1371 1988; baseline 0 -20"><span class='ocrx_word' id='word_1_120' title='bbox 330 1909 569 1988; x_wconf 77' lang='lat' dir='ltr'>ingredientibus</span> <span class='ocrx_word' id='word_1_121' title='bbox 584 1909 733 1968; x_wconf 79' lang='lat' dir='ltr'>civitatem</span> <span class='ocrx_word' id='word_1_122' title='bbox 754 1905 944 1968; x_wconf 82' lang='lat' dir='ltr'>Leodisnsem</span> <span class='ocrx_word' id='word_1_123' title='bbox 966 1925 1019 1984; x_wconf 85' lang='lat' dir='ltr'>per</span> <span class='ocrx_word' id='word_1_124' title='bbox 1040 1917 1156 1984; x_wconf 81' lang='lat' dir='ltr'>portam</span> <span class='ocrx_word' id='word_1_125' title='bbox 1176 1909 1371 1968; x_wconf 52' lang='lat' dir='ltr'>Sancti-tow</span> 
     </span>
     <span class='ocr_line' id='line_1_15' title="bbox 330 2007 1367 2082; baseline 0 -12"><span class='ocrx_word' id='word_1_126' title='bbox 330 2009 425 2070; x_wconf 78' lang='lat' dir='ltr'>nardi.</span> <span class='ocrx_word' id='word_1_127' title='bbox 447 2011 490 2070; x_wconf 79' lang='lat' dir='ltr'>Ad</span> <span class='ocrx_word' id='word_1_128' title='bbox 512 2011 663 2070; x_wconf 82' lang='lat' dir='ltr'>sinistrum</span> <span class='ocrx_word' id='word_1_129' title='bbox 686 2030 701 2069; x_wconf 83' lang='lat' dir='ltr'><strong>a</strong></span> <span class='ocrx_word' id='word_1_130' title='bbox 723 2008 848 2069; x_wconf 84' lang='lat' dir='ltr'>meridie</span> <span class='ocrx_word' id='word_1_131' title='bbox 870 2011 947 2069; x_wconf 80' lang='lat' dir='ltr'>Mosa</span> <span class='ocrx_word' id='word_1_132' title='bbox 976 2007 1056 2082; x_wconf 83' lang='lat' dir='ltr'>iluit3</span> <span class='ocrx_word' id='word_1_133' title='bbox 1077 2010 1113 2068; x_wconf 87' lang='lat' dir='ltr'>od</span> <span class='ocrx_word' id='word_1_134' title='bbox 1134 2009 1269 2069; x_wconf 77' lang='lat' dir='ltr'>doxtrum</span> <span class='ocrx_word' id='word_1_135' title='bbox 1291 2028 1367 2070; x_wconf 81' lang='lat' dir='ltr'>voro</span> 
     </span>
     <span class='ocr_line' id='line_1_16' title="bbox 330 2109 1365 2194; baseline -0.001 -23"><span class='ocrx_word' id='word_1_136' title='bbox 330 2112 565 2194; x_wconf 62' lang='lat' dir='ltr'>septentrionem</span> <span class='ocrx_word' id='word_1_137' title='bbox 581 2129 697 2185; x_wconf 88' lang='lat' dir='ltr'>versus,</span> <span class='ocrx_word' id='word_1_138' title='bbox 715 2128 801 2170; x_wconf 88' lang='lat' dir='ltr'>mons</span> <span class='ocrx_word' id='word_1_139' title='bbox 820 2109 932 2170; x_wconf 86' lang='lat' dir='ltr'>eminet</span> <span class='ocrx_word' id='word_1_140' title='bbox 946 2111 1016 2169; x_wconf 84' lang='lat' dir='ltr'>sotis</span> <span class='ocrx_word' id='word_1_141' title='bbox 1030 2109 1134 2181; x_wconf 82' lang='lat' dir='ltr'>olivus,</span> <span class='ocrx_word' id='word_1_142' title='bbox 1150 2109 1243 2169; x_wconf 89' lang='lat' dir='ltr'>muris</span> <span class='ocrx_word' id='word_1_143' title='bbox 1263 2120 1365 2170; x_wconf 81' lang='lat' dir='ltr'>tamen</span> 
     </span>
     <span class='ocr_line' id='line_1_17' title="bbox 331 2191 1364 2290; baseline -0.002 -19"><span class='ocrx_word' id='word_1_144' title='bbox 331 2213 402 2271; x_wconf 81' lang='lat' dir='ltr'>alias</span> <span class='ocrx_word' id='word_1_145' title='bbox 421 2211 554 2271; x_wconf 89' lang='lat' dir='ltr'>munitus</span> <span class='ocrx_word' id='word_1_146' title='bbox 574 2218 720 2289; x_wconf 80' lang='lat' dir='ltr'>quantum</span> <span class='ocrx_word' id='word_1_147' title='bbox 735 2210 846 2270; x_wconf 81' lang='lat' dir='ltr'>civitati</span> <span class='ocrx_word' id='word_1_148' title='bbox 861 2209 1035 2284; x_wconf 79' lang='lat' dir='ltr'>includitur,</span> <span class='ocrx_word' id='word_1_149' title='bbox 1051 2199 1206 2276; x_wconf 75' lang='lat' dir='ltr'>nocivius</span> <span class='ocrx_word' id='word_1_150' title='bbox 1220 2191 1364 2290; x_wconf 79' lang='lat' dir='ltr'>exsupe-</span> 
     </span>
     <span class='ocr_line' id='line_1_18' title="bbox 331 2309 1372 2392; baseline -0.001 -19"><span class='ocrx_word' id='word_1_151' title='bbox 331 2315 403 2375; x_wconf 83' lang='lat' dir='ltr'>riori</span> <span class='ocrx_word' id='word_1_152' title='bbox 418 2311 619 2392; x_wconf 84' lang='lat' dir='ltr'>portemontis</span> <span class='ocrx_word' id='word_1_153' title='bbox 631 2312 795 2391; x_wconf 83' lang='lat' dir='ltr'>expugnari</span> <span class='ocrx_word' id='word_1_154' title='bbox 810 2312 911 2390; x_wconf 86' lang='lat' dir='ltr'>possit,</span> <span class='ocrx_word' id='word_1_155' title='bbox 922 2331 952 2372; x_wconf 85' lang='lat' dir='ltr'>se</span> <span class='ocrx_word' id='word_1_156' title='bbox 968 2309 1157 2392; x_wconf 66' lang='lat' dir='ltr'>(sidonibus</span> <span class='ocrx_word' id='word_1_157' title='bbox 1171 2324 1201 2371; x_wconf 89' lang='lat' dir='ltr'>et</span> <span class='ocrx_word' id='word_1_158' title='bbox 1217 2311 1372 2373; x_wconf 73' lang='lat' dir='ltr'>habitato·&#39;</span> 
     </span>
     <span class='ocr_line' id='line_1_19' title="bbox 332 2408 1374 2492; baseline 0.001 -21"><span class='ocrx_word' id='word_1_159' title='bbox 332 2413 417 2473; x_wconf 88' lang='lat' dir='ltr'>ribus</span> <span class='ocrx_word' id='word_1_160' title='bbox 433 2413 532 2474; x_wconf 82' lang='lat' dir='ltr'>vacuis</span> <span class='ocrx_word' id='word_1_161' title='bbox 544 2413 602 2489; x_wconf 77' lang='lat'>(5);</span> <span class='ocrx_word' id='word_1_162' title='bbox 614 2410 838 2490; x_wconf 79' lang='lat' dir='ltr'>reflectiturquo</span> <span class='ocrx_word' id='word_1_163' title='bbox 850 2429 956 2473; x_wconf 83' lang='lat' dir='ltr'>murus</span> <span class='ocrx_word' id='word_1_164' title='bbox 967 2429 982 2470; x_wconf 84' lang='lat' dir='ltr'>o</span> <span class='ocrx_word' id='word_1_165' title='bbox 995 2408 1133 2492; x_wconf 69' lang='lat' dir='ltr'>sumoid)</span> <span class='ocrx_word' id='word_1_166' title='bbox 1148 2412 1257 2473; x_wconf 86' lang='lat' dir='ltr'>montis</span> <span class='ocrx_word' id='word_1_167' title='bbox 1269 2425 1374 2489; x_wconf 74' lang='lat' dir='ltr'>usquo</span> 
     </span>
    </p>
   </div>
   <div class='ocr_carea' id='block_1_2' title="bbox 331 2511 1366 3002">
    <p class='ocr_par' dir='ltr' id='par_1_2' title="bbox 331 2511 1366 3002">
     <span class='ocr_line' id='line_1_20' title="bbox 331 2511 1363 2593; baseline -0.002 -19"><span class='ocrx_word' id='word_1_168' title='bbox 331 2515 367 2574; x_wconf 85' lang='lat' dir='ltr'>od</span> <span class='ocrx_word' id='word_1_169' title='bbox 384 2517 494 2574; x_wconf 83' lang='lat' dir='ltr'>Mosam</span> <span class='ocrx_word' id='word_1_170' title='bbox 506 2513 664 2593; x_wconf 72' lang='lat' dir='ltr'>ot&#39;portom</span> <span class='ocrx_word' id='word_1_171' title='bbox 679 2513 950 2587; x_wconf 81' lang='lat' dir='ltr'>Sancti-Leonordi,</span> <span class='ocrx_word' id='word_1_172' title='bbox 966 2531 1025 2590; x_wconf 83' lang='lat' dir='ltr'>qus</span> <span class='ocrx_word' id='word_1_173' title='bbox 1038 2512 1123 2590; x_wconf 82' lang='lat' dir='ltr'>juxto</span> <span class='ocrx_word' id='word_1_174' title='bbox 1139 2511 1253 2573; x_wconf 81' lang='lat' dir='ltr'>flumen</span> <span class='ocrx_word' id='word_1_175' title='bbox 1265 2515 1304 2572; x_wconf 81' lang='lat' dir='ltr'>ita</span> <span class='ocrx_word' id='word_1_176' title='bbox 1322 2514 1363 2590; x_wconf 91' lang='grc'>(7)</span> 
     </span>
     <span class='ocr_line' id='line_1_21' title="bbox 331 2603 1366 2695; baseline -0.004 -18"><span class='ocrx_word' id='word_1_177' title='bbox 331 2627 391 2692; x_wconf 82' lang='lat' dir='ltr'>ost3</span> <span class='ocrx_word' id='word_1_178' title='bbox 413 2619 444 2677; x_wconf 91' lang='lat' dir='ltr'>in</span> <span class='ocrx_word' id='word_1_179' title='bbox 461 2617 610 2695; x_wconf 80' lang='lat' dir='ltr'>plerisque</span> <span class='ocrx_word' id='word_1_180' title='bbox 628 2616 698 2677; x_wconf 84' lang='lat' dir='ltr'>iouis</span> <span class='ocrx_word' id='word_1_181' title='bbox 717 2627 777 2676; x_wconf 83' lang='lat' dir='ltr'>tum</span> <span class='ocrx_word' id='word_1_182' title='bbox 795 2623 956 2694; x_wconf 79' lang='lat' dir='ltr'>angustum</span> <span class='ocrx_word' id='word_1_183' title='bbox 971 2615 1029 2674; x_wconf 86' lang='lat' dir='ltr'>iter</span> <span class='ocrx_word' id='word_1_184' title='bbox 1044 2625 1126 2674; x_wconf 80' lang='lat' dir='ltr'>extra</span> <span class='ocrx_word' id='word_1_185' title='bbox 1147 2614 1297 2674; x_wconf 77' lang='lat' dir='ltr'>civitatem</span> <span class='ocrx_word' id='word_1_186' title='bbox 1320 2603 1366 2674; x_wconf 87' lang='lat' dir='ltr'>est</span> 
     </span>
     <span class='ocr_line' id='line_1_22' title="bbox 331 2713 1366 2793; baseline -0.004 -15"><span class='ocrx_word' id='word_1_187' title='bbox 331 2720 412 2780; x_wconf 86' lang='lat' dir='ltr'>inter</span> <span class='ocrx_word' id='word_1_188' title='bbox 424 2721 533 2779; x_wconf 83' lang='lat' dir='ltr'>Mosam</span> <span class='ocrx_word' id='word_1_189' title='bbox 545 2730 574 2780; x_wconf 85' lang='lat' dir='ltr'>ut</span> <span class='ocrx_word' id='word_1_190' title='bbox 583 2728 726 2792; x_wconf 85' lang='lat' dir='ltr'>montem,</span> <span class='ocrx_word' id='word_1_191' title='bbox 735 2730 766 2778; x_wconf 92' lang='lat' dir='ltr'>ut</span> <span class='ocrx_word' id='word_1_192' title='bbox 775 2718 824 2778; x_wconf 81' lang='lat' dir='ltr'>vix</span> <span class='ocrx_word' id='word_1_193' title='bbox 837 2715 984 2777; x_wconf 82' lang='lat' dir='ltr'>binicarri</span> <span class='ocrx_word' id='word_1_194' title='bbox 996 2715 1124 2776; x_wconf 83' lang='lat' dir='ltr'>transire</span> <span class='ocrx_word' id='word_1_195' title='bbox 1133 2717 1262 2793; x_wconf 87' lang='lat' dir='ltr'>possint:</span> <span class='ocrx_word' id='word_1_196' title='bbox 1272 2713 1366 2776; x_wconf 75' lang='lat' dir='ltr'>etheo</span> 
     </span>
     <span class='ocr_line' id='line_1_23' title="bbox 333 2816 1365 2899; baseline -0.003 -20"><span class='ocrx_word' id='word_1_197' title='bbox 333 2821 379 2882; x_wconf 88' lang='lat' dir='ltr'>vie</span> <span class='ocrx_word' id='word_1_198' title='bbox 394 2820 549 2899; x_wconf 78' lang='lat' dir='ltr'>dispositio</span> <span class='ocrx_word' id='word_1_199' title='bbox 571 2840 586 2880; x_wconf 82' lang='lat' dir='ltr'><strong>a</strong></span> <span class='ocrx_word' id='word_1_200' title='bbox 606 2831 690 2898; x_wconf 85' lang='lat' dir='ltr'>porto</span> <span class='ocrx_word' id='word_1_201' title='bbox 704 2820 831 2880; x_wconf 75' lang='lat' dir='ltr'>civitatis</span> <span class='ocrx_word' id='word_1_202' title='bbox 845 2818 1020 2896; x_wconf 85' lang='lat' dir='ltr'>producitur</span> <span class='ocrx_word' id='word_1_203' title='bbox 1032 2835 1126 2895; x_wconf 84' lang='lat' dir='ltr'>usque</span> <span class='ocrx_word' id='word_1_204' title='bbox 1138 2816 1201 2878; x_wconf 84' lang='lat' dir='ltr'>iere</span> <span class='ocrx_word' id='word_1_205' title='bbox 1215 2816 1253 2876; x_wconf 89' lang='lat' dir='ltr'>od</span> <span class='ocrx_word' id='word_1_206' title='bbox 1265 2817 1365 2877; x_wconf 78' lang='lat' dir='ltr'>villum</span> 
     </span>
     <span class='ocr_line' id='line_1_24' title="bbox 332 2919 1365 3002; baseline -0.003 -22"><span class='ocrx_word' id='word_1_207' title='bbox 332 2941 420 2999; x_wconf 79' lang='lat' dir='ltr'>quom</span> <span class='ocrx_word' id='word_1_208' title='bbox 436 2923 578 2982; x_wconf 78' lang='lat' dir='ltr'>dstoiium</span> <span class='ocrx_word' id='word_1_209' title='bbox 591 2921 633 3002; x_wconf 82' lang='lat'>(8)</span> <span class='ocrx_word' id='word_1_210' title='bbox 648 2931 763 2992; x_wconf 84' lang='lat' dir='ltr'>vooont,</span> <span class='ocrx_word' id='word_1_211' title='bbox 777 2921 873 2981; x_wconf 86' lang='lat' dir='ltr'>tribus</span> <span class='ocrx_word' id='word_1_212' title='bbox 885 2929 937 2979; x_wconf 82' lang='lat' dir='ltr'>sut</span> <span class='ocrx_word' id='word_1_213' title='bbox 948 2929 1077 2996; x_wconf 78' lang='lat' dir='ltr'>quatuor</span> <span class='ocrx_word' id='word_1_214' title='bbox 1088 2919 1209 2980; x_wconf 87' lang='lat' dir='ltr'>milibus</span> <span class='ocrx_word' id='word_1_215' title='bbox 1221 2935 1365 2997; x_wconf 80' lang='lat' dir='ltr'>passuum</span> 
     </span>
    </p>
   </div>
   <div class='ocr_carea' id='block_1_3' title="bbox 332 3188 1376 4032">
    <p class='ocr_par' dir='ltr' id='par_1_3' title="bbox 367 3188 595 3253">
     <span class='ocr_line' id='line_1_25' title="bbox 367 3188 595 3253; baseline 0.004 -16"><span class='ocrx_word' id='word_1_216' title='bbox 367 3188 404 3252; x_wconf 94' lang='grc'>(1)</span> <span class='ocrx_word' id='word_1_217' title='bbox 420 3189 493 3238; x_wconf 84' lang='lat' dir='ltr'>Lisez</span> <span class='ocrx_word' id='word_1_218' title='bbox 503 3188 595 3253; x_wconf 73' lang='lat' dir='ltr'>siquis.</span> 
     </span>
    </p>

    <p class='ocr_par' dir='ltr' id='par_1_4' title="bbox 365 3273 909 3338">
     <span class='ocr_line' id='line_1_26' title="bbox 365 3273 909 3338; baseline 0.002 -14"><span class='ocrx_word' id='word_1_219' title='bbox 365 3273 400 3338; x_wconf 71' lang='lat'>(2)</span> <span class='ocrx_word' id='word_1_220' title='bbox 420 3275 492 3324; x_wconf 81' lang='lat' dir='ltr'>Lisez</span> <span class='ocrx_word' id='word_1_221' title='bbox 503 3278 617 3338; x_wconf 85' lang='lat' dir='ltr'>portum.</span> <span class='ocrx_word' id='word_1_222' title='bbox 908 3315 909 3318; x_wconf 15' lang='grc' dir='ltr'>η</span> 
     </span>
    </p>

    <p class='ocr_par' dir='ltr' id='par_1_5' title="bbox 332 3359 1376 3600">
     <span class='ocr_line' id='line_1_27' title="bbox 367 3359 1369 3424; baseline -0.004 -13"><span class='ocrx_word' id='word_1_223' title='bbox 367 3363 404 3423; x_wconf 74' lang='grc'>(5)</span> <span class='ocrx_word' id='word_1_224' title='bbox 425 3379 435 3406; x_wconf 69' lang='grc' dir='ltr'>ι</span> <span class='ocrx_word' id='word_1_225' title='bbox 456 3360 501 3410; x_wconf 85' lang='lat' dir='ltr'>{lto</span> <span class='ocrx_word' id='word_1_226' title='bbox 516 3371 622 3424; x_wconf 79' lang='lat' dir='ltr'>vespere</span> <span class='ocrx_word' id='word_1_227' title='bbox 636 3359 717 3410; x_wconf 77' lang='lat' dir='ltr'>iaetus</span> <span class='ocrx_word' id='word_1_228' title='bbox 732 3365 771 3411; x_wconf 74' lang='lat' dir='ltr'>est</span> <span class='ocrx_word' id='word_1_229' title='bbox 786 3361 870 3422; x_wconf 80' lang='lat' dir='ltr'>gravis</span> <span class='ocrx_word' id='word_1_230' title='bbox 888 3361 1020 3410; x_wconf 75' lang='lat' dir='ltr'>conflictus</span> <span class='ocrx_word' id='word_1_231' title='bbox 1031 3361 1062 3410; x_wconf 79' lang='lat' dir='ltr'>od</span> <span class='ocrx_word' id='word_1_232' title='bbox 1075 3365 1172 3423; x_wconf 77' lang='lat' dir='ltr'>portam</span> <span class='ocrx_word' id='word_1_233' title='bbox 1190 3359 1369 3424; x_wconf 63' lang='lat' dir='ltr'>sumundi,</span> 
     </span>
     <span class='ocr_line' id='line_1_28' title="bbox 332 3445 1376 3510; baseline -0.004 -11"><span class='ocrx_word' id='word_1_234' title='bbox 332 3458 359 3499; x_wconf 87' lang='lat' dir='ltr'>et</span> <span class='ocrx_word' id='word_1_235' title='bbox 371 3448 436 3500; x_wconf 78' lang='lat' dir='ltr'>intra</span> <span class='ocrx_word' id='word_1_236' title='bbox 449 3460 523 3498; x_wconf 81' lang='lat' dir='ltr'>unam</span> <span class='ocrx_word' id='word_1_237' title='bbox 537 3445 624 3498; x_wconf 77' lang='lat' dir='ltr'>horam</span> <span class='ocrx_word' id='word_1_238' title='bbox 635 3448 802 3498; x_wconf 77' lang='lat' dir='ltr'>obtinuerunt</span> <span class='ocrx_word' id='word_1_239' title='bbox 814 3448 968 3498; x_wconf 65' lang='lat' dir='ltr'>[podienses</span> <span class='ocrx_word' id='word_1_240' title='bbox 979 3448 1030 3498; x_wconf 91' lang='lat' dir='ltr'>duo</span> <span class='ocrx_word' id='word_1_241' title='bbox 1042 3447 1131 3498; x_wconf 82' lang='lat' dir='ltr'>vexilla</span> <span class='ocrx_word' id='word_1_242' title='bbox 1148 3447 1181 3498; x_wconf 84' lang='lat' dir='ltr'>ds</span> <span class='ocrx_word' id='word_1_243' title='bbox 1198 3447 1268 3510; x_wconf 82' lang='lat' dir='ltr'>ipsis,</span> <span class='ocrx_word' id='word_1_244' title='bbox 1286 3447 1376 3496; x_wconf 68' lang='lat' dir='ltr'>durs-³</span> 
     </span>
     <span class='ocr_line' id='line_1_29' title="bbox 333 3529 1367 3600; baseline -0.001 -15"><span class='ocrx_word' id='word_1_245' title='bbox 333 3538 421 3600; x_wconf 82' lang='lat' dir='ltr'>vitque</span> <span class='ocrx_word' id='word_1_246' title='bbox 431 3535 564 3586; x_wconf 81' lang='lat' dir='ltr'>condictus</span> <span class='ocrx_word' id='word_1_247' title='bbox 576 3533 649 3598; x_wconf 85' lang='lat' dir='ltr'>quasi</span> <span class='ocrx_word' id='word_1_248' title='bbox 662 3547 707 3598; x_wconf 86' lang='lat' dir='ltr'>per</span> <span class='ocrx_word' id='word_1_249' title='bbox 718 3541 770 3585; x_wconf 78' lang='lat' dir='ltr'>tres</span> <span class='ocrx_word' id='word_1_250' title='bbox 783 3533 865 3585; x_wconf 78' lang='lat' dir='ltr'>horos.</span> <span class='ocrx_word' id='word_1_251' title='bbox 879 3549 890 3580; x_wconf 69' lang='grc' dir='ltr'><strong><em>ι</em></strong></span> <span class='ocrx_word' id='word_1_252' title='bbox 905 3533 1023 3596; x_wconf 80' lang='lat' dir='ltr'>(Aontsn,</span> <span class='ocrx_word' id='word_1_253' title='bbox 1034 3535 1082 3584; x_wconf 80' lang='lat' dir='ltr'>cot</span> <span class='ocrx_word' id='word_1_254' title='bbox 1094 3533 1177 3594; x_wconf 74' lang='grc'>1539.)</span> <span class='ocrx_word' id='word_1_255' title='bbox 1365 3529 1367 3536; x_wconf 80' lang='grc'>’</span> 
     </span>
    </p>

    <p class='ocr_par' dir='ltr' id='par_1_6' title="bbox 366 3622 1061 3686">
     <span class='ocr_line' id='line_1_30' title="bbox 366 3622 1061 3686; baseline -0.006 -12"><span class='ocrx_word' id='word_1_256' title='bbox 366 3622 402 3686; x_wconf 75' lang='lat' dir='ltr'>(d)</span> <span class='ocrx_word' id='word_1_257' title='bbox 422 3622 557 3672; x_wconf 74' lang='lat' dir='ltr'>tisezsed</span> <span class='ocrx_word' id='word_1_258' title='bbox 1060 3631 1061 3634; x_wconf 69' lang='grc'>’</span> 
     </span>
    </p>

    <p class='ocr_par' dir='ltr' id='par_1_7' title="bbox 366 3709 614 3772">
     <span class='ocr_line' id='line_1_31' title="bbox 366 3709 614 3772; baseline -0.012 -13"><span class='ocrx_word' id='word_1_259' title='bbox 366 3710 402 3772; x_wconf 79' lang='grc'>(5)</span> <span class='ocrx_word' id='word_1_260' title='bbox 422 3709 494 3760; x_wconf 80' lang='lat' dir='ltr'>Lissz</span> <span class='ocrx_word' id='word_1_261' title='bbox 506 3721 614 3759; x_wconf 83' lang='lat' dir='ltr'>vacuus.</span> 
     </span>
    </p>

    <p class='ocr_par' dir='ltr' id='par_1_8' title="bbox 367 3795 617 3858">
     <span class='ocr_line' id='line_1_32' title="bbox 367 3795 617 3858; baseline -0.004 -13"><span class='ocrx_word' id='word_1_262' title='bbox 367 3795 404 3858; x_wconf 84' lang='lat'>(6)</span> <span class='ocrx_word' id='word_1_263' title='bbox 424 3797 494 3844; x_wconf 82' lang='lat' dir='ltr'>Lisez</span> <span class='ocrx_word' id='word_1_264' title='bbox 505 3809 617 3846; x_wconf 71' lang='lat' dir='ltr'>summo·</span> 
     </span>
    </p>

    <p class='ocr_par' dir='ltr' id='par_1_9' title="bbox 366 3883 648 3946">
     <span class='ocr_line' id='line_1_33' title="bbox 366 3883 648 3946; baseline 0.004 -13"><span class='ocrx_word' id='word_1_265' title='bbox 366 3884 403 3946; x_wconf 89' lang='grc'>(7)</span> <span class='ocrx_word' id='word_1_266' title='bbox 421 3883 564 3934; x_wconf 74' lang='lat' dir='ltr'>Lisezsitu</span> <span class='ocrx_word' id='word_1_267' title='bbox 645 3885 648 3896; x_wconf 64' lang='lat'><em>¹</em></span> 
     </span>
    </p>

    <p class='ocr_par' dir='ltr' id='par_1_10' title="bbox 367 3967 920 4032">
     <span class='ocr_line' id='line_1_34' title="bbox 367 3967 920 4032; baseline -0.011 -11"><span class='ocrx_word' id='word_1_268' title='bbox 367 3971 404 4032; x_wconf 88' lang='grc'>(8)</span> <span class='ocrx_word' id='word_1_269' title='bbox 422 3971 528 4032; x_wconf 78' lang='lat' dir='ltr'>dorstat,</span> <span class='ocrx_word' id='word_1_270' title='bbox 541 3983 590 4020; x_wconf 80' lang='lat' dir='ltr'>aux</span> <span class='ocrx_word' id='word_1_271' title='bbox 603 3969 732 4032; x_wconf 73' lang='lat' dir='ltr'>porussos</span> <span class='ocrx_word' id='word_1_272' title='bbox 746 3967 828 4028; x_wconf 65' lang='lat' dir='ltr'>trogo.</span> <span class='ocrx_word' id='word_1_273' title='bbox 918 3979 920 3989; x_wconf 92' lang='lat'><em>·</em></span> 
     </span>
    </p>
   </div>
   <div class='ocr_carea' id='block_1_4' title="bbox 0 0 1574 4906">
    <p class='ocr_par' dir='ltr' id='par_1_11' title="bbox 0 0 1574 4906">
     <span class='ocr_line' id='line_1_35' title="bbox 0 0 1574 4906; baseline 0 0"><span class='ocrx_word' id='word_1_274' title='bbox 0 0 1574 4906; x_wconf 95' lang='lat' dir='ltr'> </span> 
     </span>
    </p>
   </div>
  </div>
 </body>
</html>
