3102 4914
583 451 727 550 aaa)

134 617 159 650 »-
176 593 330 654 observari
346 593 508 652 mandandi
521 601 550 653 et
564 591 700 664 faciendi.
717 604 769 654 oen
786 593 823 654 ed
840 595 1022 658 voluntatem
1039 594 1169 671 partium

134 719 153 752 n
178 697 208 755 in
227 695 345 769 melius,
361 694 386 754 si
398 712 474 770 opus
489 694 591 766 luerit,
610 695 818 768 conmutandi;
831 695 1066 756 contradictores
1080 694 1183 756 etiam.

137 819 156 852 »
180 795 329 873 quoslibet
346 806 376 854 et
387 779 514 854 rebelles
527 813 580 872 per
592 795 818 855 reincidentiam
833 806 863 856 et
874 796 944 856 alias
960 795 1170 856 ecclesiasticos

137 920 156 956 »
180 916 330 971 censuras,
344 914 460 956 necnon
472 908 619 975 oportuna
629 896 706 974 juris
717 897 858 969 remedia,
870 897 973 956 eadent
984 897 1170 966 auctoritate,

135 998 378 1077 »appellatione
410 997 582 1075 postposita,
606 998 815 1076 compescendi
846 1008 885 1066 et,
911 998 935 1059 si
964 1017 1039 1075 opus
1063 997 1169 1066 luerit,

134 1122 153 1157 >r
177 1099 320 1158 auxilium
337 1098 449 1157 brachii
465 1097 605 1158 secularis
621 1099 787 1171 invocandi,
800 1109 831 1158 et
841 1088 899 1158 alia*
911 1098 1039 1159 faciendi
1054 1097 1169 1158 etiamsi

134 1223 154 1257 n
177 1201 245 1260 talio
260 1209 432 1277 essentque
446 1200 563 1276 plenius
577 1219 593 1258 a
608 1200 695 1260 nobis
712 1199 829 1278 dejure
844 1201 1016 1261 mandatum
1034 1200 1169 1280 require-

134 1326 165 1360 »¹
180 1312 258 1374 rent,
278 1320 368 1379 quam
387 1320 440 1381 per
460 1311 613 1379 presentes
637 1302 690 1362 tibi
713 1303 751 1362 sit
769 1321 955 1374 concessum,
977 1303 1022 1362 vel
1046 1313 1171 1380 propter

134 1426 154 1462 »
177 1422 234 1481 que
250 1414 366 1476 nos-aut
378 1402 465 1462 sedes
480 1401 612 1480 predicta
628 1422 764 1464 essemus
775 1404 899 1472 omnino
909 1403 1096 1475 consulendi,
1109 1421 1169 1463 non
1184 1447 1186 1452 .

133 1529 153 1564 >s
175 1503 363 1565 obstantibus
378 1503 608 1581 quibuscunque
629 1504 902 1578 constitutionibus,
921 1502 1171 1577 ordinationibus,

133 1631 152 1664 »
175 1607 302 1676 statutis,
314 1606 448 1676 decretis,
461 1605 569 1665 litteris
581 1615 611 1665 et
622 1605 746 1667 indultis
756 1606 934 1684 apostolicis,
946 1605 1003 1665 sub
1014 1606 1170 1683 quibusvis
1183 1641 1185 1649 ι

133 1731 153 1766 »
176 1707 337 1769 verborum
353 1707 457 1766 formis
469 1715 499 1765 et
513 1706 661 1779 clausulis,
672 1707 760 1768 etiam
774 1707 1032 1786 derogatoriurum
1048 1706 1171 1786 deroga·

132 1831 153 1866 a
177 1809 260 1869 toriis
285 1827 318 1866 ac
343 1807 407 1880 aliis
433 1807 568 1882 insolitis,
594 1825 708 1867 necnon
735 1827 906 1886 expressam
922 1808 1106 1868 mentionem
1133 1807 1170 1868 de

133 1908 268 1969 »aerbo
289 1908 326 1967 ad
343 1907 468 1967 verbum
487 1908 720 1984 requirentibus,
737 1928 753 1970 a
771 1909 857 1969 nobis
878 1908 923 1968 vel
944 1906 1015 1968 sedo
1037 1908 1169 1984 predicta

133 2034 152 2068 n
175 2010 445 2089 quomodocunque
470 2011 619 2070 concessis
647 2020 677 2070 et
706 2011 862 2084 emunctis,
891 2011 1001 2089 quibus
1029 2009 1170 2071 omuibus

132 2135 152 2168 n
176 2112 300 2186 illorum¹
334 2122 452 2171 tenores
488 2110 679 2188 presentibus
714 2111 852 2172 similiter
888 2130 942 2192 pro
985 2110 1171 2171 sufficienter

132 2235 151 2269 a
175 2211 324 2291 expressis
334 2211 484 2284 habendo,
495 2212 526 2270 in
540 2223 686 2289 quantum
697 2212 837 2272 effectum
852 2212 1048 2291 presentium,
1063 2213 1093 2272 iu
1107 2221 1170 2271 toto

132 2336 152 2369 a
175 2313 222 2372 vel
235 2313 264 2371 in
278 2322 373 2391 parte,
386 2312 540 2372 retardare
552 2323 684 2391 possent,
696 2313 742 2372 vel
754 2313 796 2372 illi
807 2312 1170 2391 quomodolibetobviare,

132 2437 152 2471 »
163 2463 164 2466 ,
174 2413 277 2473 eadem
293 2412 468 2474 auctoritate
480 2413 649 2490 specialiter
660 2422 689 2473 et
700 2431 841 2493 expresse
852 2414 1042 2493 derogamus,
1052 2413 1171 2474 ceteris·

132 2537 151 2570 »
164 2533 233 2591 -que
245 2515 402 2575 contrariis
417 2514 657 2592 quibuscunque.
672 2517 781 2576 Datum
796 2518 899 2583 Rome,
915 2515 996 2594 apud
1011 2517 1170 2576 Sanctum·

131 2639 151 2673 »
173 2619 316 2690 Marcum,
337 2636 416 2677 anno
437 2617 650 2677 incarnationis
672 2616 820 2677 dominice
846 2617 1003 2678 millesimo
1024 2617 1169 2694 quadrin-

52 2797 55 2802 .
132 2741 151 2774 n
172 2718 336 2796 gentesimo
348 2718 531 2796 sexagesimo
543 2719 670 2797 septimo
681 2718 735 2799 (t),
747 2718 836 2779 tertio
849 2717 916 2777 idus
928 2716 1084 2791 februarii,
1097 2735 1170 2797 pon·

128 2839 151 2874 n
173 2816 254 2877 tilioli
272 2817 365 2878 nostri
377 2836 457 2878 anno
472 2825 589 2895 quarto.
615 2839 633 2874 o

174 2918 283 2979 Eodem
305 2905 424 2996 quoque
445 2919 568 2981 incultas
590 2929 620 2979 et
641 2927 771 2998 potestas
790 2917 885 2998 legato
909 2918 1015 2978 tradita
1042 2929 1088 2977 est
1115 2936 1169 2997 per
1182 2917 1291 3022 quessstl)
1313 2917 1430 2964 iaculans

130 3022 203 3081 alias
229 3021 353 3096 litteras,
382 3021 461 3081 inter
486 3039 682 3099 quoscunque
708 3021 857 3098 principes
882 3033 934 3080 aut
960 3020 1092 3079 civitates
1123 3018 1168 3078 vel
1221 2989 1288 3036 egat.

130 3120 248 3181 nobiles
264 3140 331 3181 cum
349 3122 488 3201 episcopo
504 3122 658 3184 Leodiensi
674 3121 721 3182 vel
733 3123 795 3181 suis
808 3121 935 3182 subditis
950 3120 1167 3180 controversias

130 3230 185 3282 aut
203 3225 441 3296 contentionem,
455 3243 574 3285 causam
589 3225 635 3284 vel
650 3224 732 3284 litem
748 3222 902 3284 habentes,

174 3325 314 3383 Seorsum
336 3343 407 3384 vero
432 3324 528 3402 legato
542 3323 711 3402 injunctum
728 3334 774 3383 est
800 3333 832 3382 ut
847 3325 996 3383 illustrem
1011 3322 1429 3439 ⁰⁸‘0h'm’p³le⁵gn¹1¹¹⁸ffss¹rllls¹lss

129 3426 304 3506 Burgundie
333 3427 449 3502 ducem,
475 3439 602 3506 rogaret,
631 3435 820 3488 exortaretur
849 3438 878 3486 et
909 3437 1045 3487 moueret
1068 3439 1100 3485 ut
1125 3423 1175 3484 ab.
1210 3439 1298 3485 aorem
1315 3437 1430 3483 Leodtea-

131 3528 268 3587 Ecclesiae
287 3547 318 3587 se
338 3529 505 3588 contineret
525 3528 649 3601 offensa,
664 3547 697 3588 ac
715 3537 775 3588 tarn
790 3527 907 3606 insigne
924 3529 1014 3587 totius
1032 3527 1165 3606 corporis
1209 3509 1265 3543 ⁸⁶³¹·

129 3627 268 3688 Ecclesiae
280 3628 449 3688 membrum
465 3629 551 3689 sicuti
566 3638 611 3689 est
628 3629 785 3708 episcopus
800 3638 830 3688 et
846 3625 1016 3688 Leodiensls
1035 3626 1166 3695 eeclesia,

128 3746 199 3788 cum
221 3728 281 3788 suis
299 3727 418 3806 juribus
440 3739 469 3788 et
488 3729 628 3788 dominiis
651 3728 799 3789 devastari
821 3747 875 3808 per
897 3747 928 3787 se
948 3728 994 3786 vcl
1018 3745 1096 3800 suos,
1114 3736 1165 3785 aut

165 3901 206 4034 lt)
223 3967 294 4019 tice.
