3126 4906
593 440 747 538 (scu)

147 609 164 643 n
185 584 285 658 omnia
305 582 431 643 conficte
447 580 538 642 luisse
558 580 694 656 loqutos;
707 580 789 659 quod
808 582 832 642 si
851 583 987 660 captiuus
1001 602 1079 658 sum,
1093 584 1182 646 dicite

147 712 164 745 n
185 687 259 767 quid
275 705 322 746 me
337 695 474 764 oporteat
489 684 585 744 lacere
607 693 637 744 et
655 685 802 764 assignate
821 685 895 745 milri
916 686 1012 746 locum
1034 696 1131 748 tutum
1153 698 1183 748 et

146 811 163 846 n
185 787 262 849 lidos
277 787 416 856 comites,
432 804 470 844 ne
484 785 515 844 in
531 803 690 865 personam
704 783 818 845 offendi
832 794 888 846 eut
898 785 957 846 ledi
972 785 1084 865 possim
1099 807 1127 846 n.

185 892 299 950 Rursus
313 887 486 966 eonloquuti
501 887 657 965 paululum
671 895 786 961 mutuo,
797 888 929 966 legatum
940 889 1105 950 exorabant
1117 911 1136 947 ιι
1148 899 1182 950 ut

145 1010 216 1052 suos
241 999 414 1069 expectaret
433 999 486 1048 aut
507 996 610 1048 nosset
630 987 681 1050 ubi
707 1001 816 1061 essent,
839 1007 893 1050 nec
916 991 945 1049 in
970 990 1088 1050 duobus
1113 989 1183 1050 solis

144 1092 276 1154 bertildis
295 1088 462 1152 confideret
484 1107 539 1168 pro
556 1091 605 1150 vie
625 1087 667 1170 (ll
689 1090 791 1163 tutela,
806 1090 875 1166 quia
892 1089 977 1149 multi
1000 1109 1036 1150 ex
1057 1090 1183 1162 dirersis

144 1195 248 1274 patriis
268 1196 374 1253 armati
396 1191 616 1271 superveniunt
638 1211 653 1250 a
674 1190 785 1270 quibus
803 1192 889 1252 facile
904 1204 1004 1270 posset
1024 1192 1138 1254 offendi
1153 1216 1180 1254 o.

142 1299 256 1356 lterum
271 1292 510 1373 legatus,·amicis
525 1292 722 1354 suadentibus
735 1312 743 1352 ι
756 1307 772 1351 ιι
788 1294 853 1354 lam
869 1293 930 1354 dixi
947 1313 1007 1354 non
1023 1313 1087 1355 esse
1101 1294 1183 1356 hune

146 1421 162 1456 o
184 1397 282 1459 locum
301 1395 498 1474 expectationi
513 1395 713 1467 conmodum3
729 1394 754 1454 si
769 1413 852 1454 meos
867 1393 977 1455 liberos
991 1394 1181 1470 dimiseritis,

145 1521 162 1556 n
184 1498 245 1559 seio
269 1495 350 1575 quod
379 1515 427 1556 me
454 1507 620 1573 sequentur
646 1506 675 1555 et
705 1495 877 1573 ubicunque
905 1495 991 1557 luero
1020 1496 1189 1575 reperient,

146 1623 163 1658 o
186 1603 271 1677 Agite
288 1598 467 1658 alterutrum
490 1596 571 1675 quod
592 1595 664 1667 dixi,
686 1598 749 1657 sive
762 1596 840 1656 liber
854 1596 911 1656 sim
926 1598 989 1656 sive
1004 1598 1148 1674 captivus.
1165 1618 1182 1654 n

147 1702 215 1761 Visa
236 1699 327 1778 igitur
344 1698 407 1774 ejus
425 1697 516 1757 animi
535 1696 573 1757 sd
589 1715 739 1756 recessum
758 1696 980 1756 obstinatione:
997 1718 1015 1753 ιι
1027 1697 1183 1768 Nolumus,

148 1823 165 1857 >s
187 1801 295 1877 inquit,
310 1799 387 1858 banc
402 1797 504 1858 subire
519 1798 664 1857 maculam
685 1807 718 1856 ut
737 1796 867 1856 detineri
882 1795 961 1873 apud
978 1814 1032 1857 nos
1048 1797 1183 1876 captivus

149 1923 165 1957 n
188 1900 304 1960 diceris.
320 1897 464 1958 Dabimus
479 1896 620 1956 heraldus
639 1897 714 1956 duos
736 1915 810 1972 quos
834 1895 943 1974 petitis,
965 1896 1183 1973 suademusque

148 2023 165 2057 n
189 2010 222 2061 ut
233 2000 270 2059 ad
281 1997 406 2078 opidum
421 1996 683 2056 Sancti-Trudonis
695 1995 827 2066 accedas,
840 1995 942 2073 ibique
953 2007 1091 2073 expectes
1101 1996 1184 2056 ducis

148 2126 165 2159 n
189 2121 366 2181 responsum
389 2100 425 2158 ad
451 2098 622 2159 babendum
645 2116 713 2158 cum
736 2117 770 2158 eo
789 2096 990 2173 conloquium.
1011 2118 1029 2154 o
1050 2099 1182 2158 Rursum

147 2207 260 2283 legatus
271 2221 279 2262 z
291 2224 308 2260 ιι
320 2203 349 2261 Si
364 2194 440 2260 liber
454 2219 532 2272 sum,
543 2219 603 2260 non
616 2210 662 2259 est
674 2210 807 2260 vestrum
824 2197 898 2258 mihi
913 2198 1069 2278 designare
1084 2200 1183 2260 locum

148 2330 166 2363 n
187 2325 246 2382 quo
272 2323 392 2384 pergam
422 2323 430 2362 ε
455 2301 503 2362 ibo
530 2319 590 2379 quo
617 2301 690 2362 mihi
716 2300 852 2372 libuerit,
880 2301 1009 2379 acceptis
1037 2299 1183 2371 beraldis;

149 2430 166 2463 o
189 2405 350 2483 expectabo
362 2404 403 2464 ibi
415 2404 499 2464 ducis
511 2420 689 2481 responsum
699 2403 811 2462 »llum
822 2401 862 2460 illi
873 2421 879 2460 :
889 2423 907 2459 ιι
916 2403 979 2462 Νοιι
995 2400 1184 2477 impedimus,

150 2529 166 2564 >³
190 2507 404 2584 inquiuntnec
415 2503 611 2582 probibemus
624 2503 752 2564 liberum
765 2505 862 2562 iteret
874 2501 971 2560 locum
984 2519 1074 2578 quem
1087 2513 1182 2580 petam

150 2629 167 2665 »
189 2608 240 2668 sed
272 2608 432 2668 suademus
460 2606 786 2666 Sanctum-Trudonem
809 2603 877 2680 quia
904 2621 972 2664 eum
1000 2602 1098 2662 locum
1124 2601 1184 2661 dux

151 2730 167 2764 a
192 2710 356 2772 nominavit
379 2731 407 2766 n.
428 2709 520 2768 Multe
542 2707 669 2767 vicissim
692 2705 901 2784 replicationes
924 2704 1000 2763 lacte
1020 2711 1089 2763 sunt
1111 2721 1185 2780 quas

150 2818 606 2888 memoraresupcrsacuumest.
614 2806 893 2884 Tandem,ncccptis
902 2804 1042 2877 heraldis,
1050 2804 1184 2865 vestibus

149 2922 179 2972 et
193 2913 328 2991 insigniis
343 2913 436 2972 solitis
452 2912 530 2990 regis
544 2919 574 2972 et
591 2911 675 2971 ducis
691 2908 906 2988 superindutis‚
918 2926 951 2966 ae
963 2907 1054 2986 virgis
1065 2906 1139 2966 albis
1153 2907 1182 2968 in

150 3037 239 3080 manu
262 3037 298 3079 ex
319 3035 401 3077 more
425 3016 481 3075 illis
504 3015 632 3087 traditis,
647 3015 759 3091 legatus
778 3032 810 3072 se
833 3012 994 3089 precedere
1008 3009 1072 3069 illos
1084 3009 1184 3087 jussit,

150 3123 214 3180 vale
229 3119 339 3178 faciens
353 3120 502 3197 episcopo,
519 3114 740 3176 flambercourt
753 3126 782 3175 et
797 3114 862 3173 aliis
876 3112 1026 3173 exercitus
1048 3110 1184 3182 ducibus,

149 3242 183 3281 ac
196 3221 239 3281 eis
252 3220 379 3281 suadens
396 3228 429 3279 ut
444 3228 560 3277 mature
582 3215 619 3276 ad
640 3214 751 3276 bellum
774 3214 981 3293 procederent,
996 3231 1055 3273 non
1078 3211 1184 3274 effuse.

151 3319 322 3400 Conqucffl)
332 3319 446 3380 heraldi
457 3315 545 3396 paulo
559 3328 625 3395 post
637 3326 799 3393 peterenta
812 3315 908 3393 legato
920 3331 1049 3390 quonam
1060 3313 1184 3392 pergere

151 3422 331 3483 decrevisset
346 3429 379 3480 ut
392 3421 546 3499 equiorem
561 3417 639 3477 viam
653 3427 775 3496 possent
789 3416 909 3494 eligere,
919 3413 1011 3492 jussit
1019 3431 1071 3474 eos
1083 3423 1184 3490 petere

151 3528 316 3607 proximam
328 3543 418 3606 quam
430 3524 572 3585 videbant
586 3523 693 3582 turrim
709 3520 737 3580 in
751 3521 893 3580 eminenti
906 3521 989 3589 colle,
1002 3517 1037 3578 ad
1052 3517 1107 3576 tria
1120 3517 1183 3577 lere

160 3844 163 3852 ¹
182 3870 219 3932 (ll
236 3867 416 3920 llotdouteux.
428 3867 447 3917 ll
460 3866 568 3916 laudrait
580 3863 710 3929 peut-etse
724 3864 780 3914 cite.

185 3953 221 4017 (Ξ)
240 3955 312 4005 bisce
325 3953 450 4018 Ceaeque.
