3088 4926
396 611 544 691 praelium,
563 611 714 688 magisque
736 630 800 670 esse
816 612 920 671 utilem
936 629 992 689 pro
1008 629 1089 670 nuno
1109 630 1223 670 moram
1244 631 1328 672 suam
1346 615 1426 690 apud

395 713 563 790 Trajertum
583 731 672 790 quam
696 713 726 772 in
749 713 865 772 Leodio.
882 714 922 770 Ex
937 731 1024 771 causa
1035 713 1097 789 jam
1113 713 1189 772 dieta
1205 732 1312 792 oepere
1327 717 1424 795 suspi-

396 816 456 874 cari
477 816 606 894 legatum
628 834 686 874 non
703 815 814 874 habere
828 816 965 873 animum
977 814 1123 873 redeundi
1138 814 1342 893 obtestarique
1357 836 1426 877 eum

321 977 324 982 ,
396 927 429 975 ut
446 931 514 974 oum
529 915 600 995 ipsis
616 915 748 974 reddiret
762 914 818 995 (t),
833 933 888 974 neo
904 933 968 974 esse
982 933 1069 974 ausos
1090 917 1198 974 reverti
1218 916 1254 974 ad
1276 917 1425 977 civitatem

396 1016 460 1076 sine
475 1017 554 1094 ipso,
571 1016 709 1089 timentes
723 1016 879 1093 suplicium
896 1027 926 1075 et
939 1016 1062 1075 lacerari
1076 1035 1091 1073 a
1109 1018 1229 1095 populo.

142 1133 248 1200 Redeunt
270 1137 385 1199 ⁸oratores
436 1115 626 1176 Consortatus
635 1114 676 1195 (Ξ)
688 1125 731 1174 est
743 1135 793 1174 eos
805 1116 918 1192 legatus
930 1125 965 1175 ut
976 1117 1131 1176 irentsine
1143 1118 1251 1177 timore
1263 1127 1293 1177 et
1304 1129 1337 1176 ut
1348 1118 1426 1178 hono

155 1191 324 1296 fflffinssffli
335 1189 385 1293 3ss2
396 1217 495 1275 animo
508 1226 615 1285 esseut,
628 1216 881 1291 disponerentque
893 1234 924 1275 se
935 1216 971 1274 ad
985 1215 1095 1274 bonum
1109 1218 1187 1294 paris
1198 1228 1227 1276 et
1239 1216 1426 1294 obedientia,

155 1307 237 1366 ¹⁰8³¹⁰·
397 1336 429 1374 ao
439 1314 637 1393 jurejurando
653 1315 801 1394 pollicitus
816 1328 860 1374 ost
875 1335 905 1376 se
921 1315 1110 1376 redditurum
1127 1319 1149 1376 si
1166 1318 1206 1377 ita
1222 1318 1333 1377 rectius
1349 1318 1427 1378 cives

378 1445 381 1450 ·
392 1416 585 1494 judicassent,
596 1434 687 1492 seque
699 1435 759 1475 non
770 1434 926 1476 remanere
938 1417 995 1475 nisi
1007 1435 1043 1475 ex
1058 1436 1144 1476 eausa
1152 1417 1213 1494 jam
1226 1418 1301 1477 diota
1311 1420 1426 1494 ;itaque

399 1517 509 1596 pluries
526 1518 668 1594 persuasi,
683 1517 771 1594 paulo
784 1526 850 1594 post
862 1515 1015 1577 meridiem
1028 1519 1157 1576 ascensis
1169 1536 1274 1578 eorum
1290 1518 1426 1592 naribus,

397 1616 574 1677 reddierunt
589 1635 693 1676 versus
707 1618 865 1677 civitatem.
1364 1605 1365 1610 ¹

145 1723 388 1792 capiunturlegauoi-
438 1717 519 1777 Circa
536 1717 716 1794 principium
737 1717 830 1776 noetis
848 1735 914 1775 eece
930 1717 1075 1792 nunptius
1091 1716 1167 1774 celer
1182 1714 1220 1774 ad
1241 1717 1371 1795 legatum
1391 1735 1427 1775 ex

155 1789 237 1888 ,γῇξῖῗὸ
249 1782 386 1887 ἒέδῖἕγθῖἳῖ
399 1818 465 1877 villa
487 1837 577 1896 supra
600 1819 710 1878 Mosam
728 1817 809 1876 venit
824 1815 994 1894 significans
1010 1817 1120 1894 legatos
1137 1816 1346 1876 leodiensium
1362 1836 1427 1876 esse

157 1898 243 1956 lenm·
396 1927 497 1994 raptos
519 1937 534 1975 a
557 1917 684 1976 dominis
711 1917 749 1975 de
774 1925 871 1975 castro
897 1916 1047 1994 Argental‚
1070 1915 1239 1992 famamque
1260 1936 1324 1976 esso
1347 1918 1427 1995 ipsos

397 2028 449 2075 aut
471 2017 641 2075 submersos
664 2026 714 2074 aut
730 2016 881 2092 jugulatos
900 2033 974 2074 esse.
996 2015 1081 2087 Quali
1103 2026 1174 2075 tuno
1194 2017 1292 2075 animo
1312 2017 1426 2094 legatus

397 2116 488 2192 t'uorit
510 2117 634 2192 quisque
656 2115 786 2193 prudens
806 2115 984 2184 consideret,
996 2116 1123 2175 maxime
1138 2134 1205 2175 eum
1223 2134 1309 2175 mano
1326 2134 1428 2194 nunp-

398 2217 456 2275 tius
471 2217 669 2295 capitulorum
692 2218 882 2275 ecelesiarum
899 2217 1026 2276 civitatis
1041 2235 1107 2274 oum
1124 2217 1230 2276 litteris
1246 2217 1282 2276 ad
1297 2219 1427 2296 legatum

398 2316 692 2396 roueritsignilioans
710 2342 721 2368 ε
735 2317 772 2375 oh
784 2316 862 2375 hane
874 2335 990 2375 eausam
1001 2315 1033 2374 in
1046 2317 1163 2375 civitate
1174 2317 1302 2376 maxime
1315 2319 1429 2377 tumul-

400 2429 526 2488 tuatum,
541 2419 611 2476 alios
626 2436 732 2476 vocare
746 2417 874 2495 legatum
893 2415 1086 2495 proditorem,
1099 2417 1150 2493 qui
1162 2428 1265 2477 contra
1281 2419 1428 2495 promissa
1490 2470 1493 2482 ,

400 2537 458 2577 nou
481 2517 601 2576 redierit
623 2529 652 2576 et
672 2517 750 2576 cives
770 2537 873 2596 passus
888 2517 978 2575 luerit
994 2517 1058 2594 oapi
1073 2526 1102 2575 et
1117 2517 1223 2590 oocidi,
1237 2518 1309 2577 alios
1326 2519 1428 2596 plures

397 2612 563 2678 (iucurrisse
579 2619 614 2676 ad
631 2618 766 2677 eeclesias
781 2619 949 2693 minarique
961 2617 1075 2676 eleriois
1088 2629 1117 2676 et
1129 2617 1328 2678 familiaribus
1342 2619 1429 2697 legati

398 2719 449 2796 qui
469 2721 497 2778 io
521 2721 638 2779 civitate
660 2730 876 2792 remanserant,
890 2715 970 2793 quod
985 2717 1009 2776 si
1026 2717 1067 2777 hii
1084 2719 1194 2777 mortui
1213 2730 1323 2792 essent,
1338 2729 1389 2779 aut
1404 2721 1429 2780 si

399 2821 456 2879 vivi
472 2833 501 2880 et
516 2840 576 2880 non
590 2821 799 2900 relaxarentur
814 2821 967 2891 continuo,
982 2839 1013 2878 se
1029 2837 1148 2879 omnem
1165 2821 1280 2878 clerum
1296 2830 1325 2878 rt
1345 2820 1430 2880 fami·

398 2921 485 2980 liares
501 2921 586 2998 legati
598 2921 749 2980 occisuros
760 2934 811 2978 aut
826 2919 1045 2992 submersuros,
1057 2921 1194 2979 ecelesias
1206 2921 1387 2999 spoliaturos
1398 2934 1428 2984 et

399 3022 606 3081 combusturos
624 3042 652 3081 a.
669 3021 736 3080 llaec
758 3023 819 3080 suis
839 3021 950 3079 lioteris
966 3020 1161 3080 nunctiabant
1177 3031 1276 3098 patres
1292 3023 1430 3083 eeclesia-

145 3130 388 3199 niligentiategatiprp
400 3141 468 3180 rum
481 3132 539 3181 tam
551 3122 645 3198 legato
657 3140 745 3199 quam
759 3122 896 3199 episcopo
908 3121 1070 3182 leodiensi.
1085 3123 1165 3180 Hono
1178 3142 1241 3182 rem
1254 3125 1370 3202 legatus
1382 3126 1430 3184 in-

158 3189 285 3296 iigf’mdss
319 3195 489 3301 capu'digno
504 3222 615 3295 serens,
631 3235 661 3282 ut
679 3232 824 3300 parerat,
842 3232 899 3280 tarn
917 3241 971 3299 pro
994 3221 1107 3282 honore
1123 3241 1178 3282 suo
1199 3241 1290 3300 quam
1306 3243 1431 3284 suorum

20 3365 178 3387 ..um
321 3374 323 3377 ,
400 3323 591 3383 familiarium
604 3332 634 3382 et
645 3323 836 3383 eeclesiarum
854 3323 986 3400 periculo
1002 3334 1032 3382 et
1048 3323 1153 3395 salute,
1169 3335 1229 3384 tres
1245 3324 1322 3384 illico
1335 3345 1431 3386 nune-

402 3427 457 3484 tios
478 3424 558 3484 misit
579 3442 645 3483 cunr
673 3424 788 3494 litteris,
811 3442 904 3481 unum
927 3423 1037 3481 civitati
1060 3432 1089 3482 et
1111 3424 1259 3502 capitulis,
1281 3425 1372 3485 alium
1394 3427 1431 3486 ad
1523 3475 1524 3480 ,

400 3539 532 3586 castrum
554 3525 590 3584 de
612 3525 763 3602 Argental,
784 3526 905 3583 tertium
930 3524 1067 3602 episeopo
1090 3525 1258 3594 leodiensi;
1274 3528 1388 3588 civitati
1403 3539 1432 3588 et
1523 3515 1524 3524 ¹

402 3626 538 3706 ⁰apitulis
558 3626 615 3685 hoe
635 3629 664 3684 iu
687 3623 810 3699 effectu,
833 3623 993 3684 videlicet:
1016 3645 1033 3680 o
1054 3625 1158 3684 dolens
1180 3626 1377 3687 vehementer
1395 3628 1432 3688 de

329 3771 332 3776 ι
403 3729 458 3788 hoo
472 3729 558 3803 laeto,
573 3746 717 3786 excusans
734 3738 762 3784 et
778 3726 910 3786 offerens
926 3744 956 3785 se
973 3725 1009 3784 ad
1025 3726 1175 3785 redditum
1189 3727 1226 3786 ad
1238 3729 1388 3789 civitatem
1403 3737 1433 3789 et
1523 3765 1524 3792 ;

454 3875 1098 3890 *num——

390 3975 392 3980 ·
436 3951 472 4016 (l)
490 3953 559 4002 Lisez
571 3954 680 4019 rediret,
692 3961 714 4002 rt
726 3954 757 4001 de
770 3953 850 4001 tudun·
864 3954 919 4010 plus
931 3953 980 3998 luiu
990 3944 1145 4012 rediturum,
1158 3955 1299 4009 redieruut,
1308 3964 1357 4005 010,

330 4023 333 4035 ¹
436 4041 471 4103 (⁶2)
490 4039 762 4090 ldsezcontortoluu.⁹
