3088 4926
350 572 494 634 Giodoeus
504 574 541 634 de
551 567 798 648 Marea,offieialis
809 584 839 634 et
849 575 1376 661 eanonicusleodiensis(t),nomine

351 685 468 754 patrum
490 676 625 748 Ecclesie,
647 675 764 753 publice
786 675 964 754 predicavit3
982 679 1039 740 hoe
1059 683 1147 742 etiam
1162 683 1295 744 Amelius
1311 687 1377 746 Vel·

349 792 432 853 noys,
450 776 571 836 nomine
592 776 744 836 seniorum
766 776 905 864 civitatis,
927 797 981 855 pro
1002 781 1107 842 rostris
1127 784 1217 863 longo
1238 802 1375 847 sermone

349 874 489 937 disseruit
502 895 536 936 ae
550 885 583 937 ut
597 877 627 937 in
642 877 720 937 hane
734 876 918 938 declinarent
929 881 1107 942 sententiam
1122 883 1214 943 alium
1229 888 1374 966 populum

347 988 498 1040 exortatus
510 991 563 1042 est.
576 981 650 1058 Ipsis
665 998 736 1058 ergo
751 981 781 1039 in
797 981 919 1040 consilio
934 979 1073 1058 dimissis,
1088 984 1201 1062 legatus
1217 997 1247 1047 et
1262 989 1376 1064 episce-

348 1099 403 1159 pus
428 1099 496 1141 eum
522 1080 658 1161 patribus
682 1081 809 1141 Ecclesie
830 1081 930 1142 abiere
951 1083 983 1143 iu
1005 1086 1175 1162 proximum
1201 1091 1375 1149 cenaculum

345 1180 441 1240 levem
457 1181 649 1242 reiectionem
665 1183 833 1262 sumpturi3
847 1184 929 1243 varie
944 1187 1087 1246 intereos
1102 1189 1251 1248 sententie
1270 1201 1375 1250 erant:

346 1281 410 1342 aliis
425 1283 661 1362 approbantibus
676 1302 780 1343 eorum
795 1302 954 1360 recessum,
969 1284 1033 1346 aliis
1049 1305 1120 1346 vero
1135 1288 1375 1366 improbantibus

346 1399 382 1441 ex
397 1383 562 1442 rationibus
574 1383 636 1461 jam
651 1383 745 1458 dictis,
760 1403 794 1444 ae
809 1402 886 1463 pene
897 1389 1041 1446 consertis
1054 1388 1145 1447 armis
1156 1388 1278 1450 intense
1290 1391 1375 1451 dissi·

346 1483 472 1557 debant3
492 1483 561 1544 vicit
581 1483 699 1544 tandem
715 1485 915 1564 plurimorum
936 1487 1094 1563 sententia,
1110 1508 1198 1550 suasu
1219 1501 1249 1550 et
1267 1509 1373 1572 magna

345 1588 530 1647 exortatione
551 1587 655 1647 Amelii
680 1596 710 1647 et
733 1587 860 1648 aliorum
886 1587 1034 1648 bonorum
1060 1588 1183 1660 civium,
1210 1593 1371 1668 primatum

344 1689 484 1762 civitatis,
500 1699 545 1761 ut,
561 1687 619 1748 fide
634 1707 689 1767 pro
704 1686 803 1748 reditu
817 1689 898 1763 data,
914 1689 1027 1767 legatus
1041 1697 1071 1748 et
1085 1691 1243 1770 episcopus
1256 1694 1373 1754 exirent

344 1789 462 1850 obviam
484 1790 547 1870 regi
568 1798 598 1849 et
619 1789 695 1865 duci,
718 1788 881 1850 conserturi
907 1808 1008 1868 pacem
1030 1809 1133 1851 eorum
1154 1793 1289 1868 arbitrio,
1304 1794 1368 1855 data

343 1910 462 1969 quoque
477 1891 621 1970 legatione
635 1890 749 1950 timelio
770 1899 799 1949 et
822 1890 923 1950 decem
945 1891 1008 1950 aliis
1029 1891 1144 1952 civibus
1167 1904 1198 1953 ut
1220 1912 1279 1954 una
1302 1914 1369 1955 cum

332 1993 382 2053 -eis
398 1991 659 2070 proficiscerentur
677 2001 707 2050 et
726 1991 852 2050 civitatis
872 1992 993 2051 nomine
1010 2003 1116 2052 cuneta
1138 1995 1327 2074 susciperent
1339 2006 1369 2056 et

341 2090 545 2170 approbarent
559 2110 617 2168 que
632 2092 745 2170 legatus
760 2100 790 2150 et
804 2093 961 2170 episcopus
975 2091 1180 2154 decernerent.

382 2193 441 2250 llae
453 2190 676 2251 delliberatione
686 2191 833 2251 intellecta
850 2210 903 2269 per
917 2191 991 2251 dues
1004 2192 1082 2252 cives
1096 2212 1113 2253 a
1128 2194 1251 2254 oonsilio
1266 2196 1367 2255 eivita-

342 2293 378 2353 tis
386 2292 423 2352 ad
431 2293 604 2367 cosmissos,
614 2293 728 2372 legatus
740 2302 769 2352 et
779 2293 935 2372 episeopus
947 2312 1005 2352 una
1017 2313 1084 2353 curn
1095 2295 1244 2373 deputatis
1255 2296 1368 2357 civibus

341 2393 377 2454 ad
390 2395 449 2453 iter
463 2412 493 2452 se
508 2393 710 2470 accingebant,
726 2392 863 2451 celeriter
877 2391 1011 2452 adductis
1026 2395 1110 2470 equis
1123 2407 1150 2454 et
1164 2395 1264 2473 paucis
1280 2396 1368 2456 rebus

340 2494 376 2554 ad
398 2495 455 2554 iter
475 2493 648 2554 necessariis
669 2511 770 2552 seeum
791 2493 929 2570 sumptis,
949 2494 1064 2552 Joanne
1085 2513 1204 2572 quoquc
1226 2497 1281 2557 der
1302 2497 1369 2556 Vibi

340 2593 440 2656 inclite
455 2594 498 2674 (i)
511 2613 580 2655 eum
602 2613 660 2654 una
682 2601 866 2654 armatorum
889 2593 1011 2654 cohorte
1032 2613 1088 2674 pro
1108 2614 1212 2655 corum
1232 2599 1369 2659 comitiva

279 2709 281 2713 '
339 2714 440 2756 seeum
455 2702 568 2769 vocato,
582 2713 676 2772 usque
691 2692 728 2752 ad
743 2692 906 2773 proximam
922 2703 1004 2752 extra
1020 2693 1168 2754 civitatem
1185 2697 1301 2771 villan13
1317 2699 1367 2758 sed

338 2794 531 2856 redeuntibus
550 2793 729 2870 quibusdam
751 2800 833 2852 extra
852 2792 1000 2852 civitatem
1022 2795 1186 2871 equitibus,
1208 2806 1367 2857 convocata

338 2912 439 2954 seeum
454 2904 486 2954 ea
502 2893 611 2952 civium
627 2903 711 2969 parte
729 2909 788 2970 que
810 2909 913 2952 eorum
932 2909 1080 2951 recessum
1096 2893 1315 2972 improbabant,
1331 2894 1368 2954 ad

340 3005 439 3073 portas
451 2995 623 3072 episcopalis
636 2992 733 3070 palatii
746 2992 851 3051 armati
863 3002 893 3051 et
904 2991 1006 3051 lurore
1017 2992 1132 3052 incensi
1145 3006 1367 3067 concurrentes,

339 3095 450 3155 exitum
462 3093 606 3173 impedire
621 3092 718 3153 eonati
730 3099 809 3164 sunt,
822 3111 921 3152 sevam
933 3101 1060 3153 mertem
1076 3095 1283 3154 conminantes
1296 3095 1366 3175 ipsis

338 3195 433 3275 legato
449 3205 477 3255 et
492 3195 631 3272 episcopo
642 3193 666 3252 si
681 3193 857 3253 recederent
868 3203 899 3254 et
909 3194 972 3253 aliis
988 3194 1039 3271 qui
1056 3194 1123 3253 huie
1139 3197 1288 3256 sententie
1300 3215 1367 3256 eon·

338 3299 502 3370 sentirent;
516 3295 568 3356 sed
580 3295 710 3355 Amelius
722 3302 752 3354 et
763 3296 892 3355 loannes
906 3295 992 3355 miles
1003 3314 1071 3355 eum
1086 3315 1190 3356 eornm
1206 3298 1365 3360 comitibus

338 3398 374 3459 ad
394 3408 494 3476 portas
516 3397 615 3474 palatii
635 3406 858 3470 concurrentes,
880 3397 935 3456 illis
957 3396 1087 3476 graviter
1107 3399 1262 3477 increpitis
1287 3408 1316 3460 ct
1336 3399 1364 3457 vi

338 3499 476 3578 repulsis,
487 3497 615 3557 liberum
627 3498 722 3574 legato
737 3506 766 3556 et
781 3499 919 3575 episeopo
934 3499 1081 3576 prebuere
1096 3501 1225 3569 exitum3
1242 3501 1292 3577 qui
1308 3501 1365 3560 tuit

338 3601 386 3662 die
397 3600 466 3678 xxnj
480 3598 623 3670 octobris,
638 3599 725 3658 tertia
740 3596 812 3659 hera
827 3609 894 3678 post
914 3599 1082 3676 meridiem,
1101 3619 1221 3678 semper
1240 3602 1365 3662 timente

370 3869 407 3928 tt)
423 3867 496 3916 losse
508 3865 540 3916 de
552 3865 575 3915 la
586 3865 676 3917 llarelc
690 3865 874 3925 otei-dessus,
886 3878 949 3928 page
960 3865 1001 3916 m.

369 3952 406 4018 (i)
423 3949 493 4003 lisez
506 3949 605 4002 militet
