3088 4926
154 589 282 650 maxime
293 589 322 648 in
336 590 433 668 opidis
442 591 586 666 proximis
599 589 833 668 Burgundorurn
847 593 989 668 exercitu,
1000 603 1029 654 et
1038 593 1189 656 oblatione

154 689 293 750 obsidum
308 690 446 768 episcopo
462 689 536 750 iacta
555 708 609 767 pro
628 689 692 768 ejus
711 691 870 750 securitate
886 693 962 752 side
978 711 1082 754 eorum
1098 696 1188 756 armis

153 792 218 869 ipse
230 789 389 859 diffideret,
404 789 622 870 indignumque
638 791 702 850 sore
716 803 746 852 ut
763 792 920 871 episcopus
936 811 1003 854 cum
1017 796 1186 874 Burgundis

154 893 291 965 intraret,
304 890 430 950 maxime
445 890 569 970 signatis
583 908 671 950 cruce
687 891 779 950 sancti
795 891 915 952 Andrce
930 904 1098 954 transversa
1120 914 1187 954 cum

153 992 217 1069 ipse
231 991 366 1070 digniora
382 990 463 1069 signa
482 991 615 1063 haberet,
635 991 772 1052 videlicet
790 1011 909 1054 crucem
926 1006 1037 1054 rectam
1056 1006 1085 1056 et
1097 997 1188 1056 Fran-

155 1093 341 1154 corumlilin.
1073 1154 1075 1162 s

196 1195 247 1254 llis
262 1195 351 1254 variis
366 1193 538 1253 rumoribus
554 1194 663 1271 passim
684 1212 737 1273 per
755 1195 902 1256 civitatem
922 1197 1058 1275 vulgatis,
1074 1199 1187 1280 legatus
1234 1181 1236 1186 ¹

155 1293 193 1354 ad
205 1295 378 1374 episcopum
387 1295 514 1372 Toogris
526 1295 665 1356 accedere
675 1294 721 1372 (ut
733 1307 927 1374 proposuerat
939 1308 969 1357 et
981 1297 1150 1378 scripserat)
1158 1312 1188 1360 ct

153 1396 191 1456 ad
206 1396 432 1476 intelligendum
448 1396 526 1474 quod
542 1396 699 1474 episcopus
716 1396 785 1456 novi
797 1396 931 1470 afferret,
942 1417 974 1458 se
986 1398 1184 1478 preparabat:

153 1517 222 1558 cum
243 1516 326 1570 ecce,
344 1499 439 1576 prima
462 1497 556 1556 noctis
574 1497 688 1576 vigilia,
709 1499 914 1558 leodiensium
935 1501 1135 1577 exploratores
1158 1513 1187 1563 et
1200 1515 1320 1562 Tumultus
1340 1515 1365 1563 in
1389 1516 1445 1564 eivi-

154 1597 280 1658 cxeubie
302 1597 349 1656 die
374 1605 525 1673 noctuque
546 1598 670 1675 patriam
694 1607 934 1658 transcurrentes
956 1618 1031 1660 nova
1054 1599 1186 1661 afferunt
1228 1571 1451 1681 ssffif'bhmu'-

153 1698 304 1758 excelsum
323 1707 353 1758 et
366 1716 545 1776 generosum
568 1698 691 1758 militem
707 1698 873 1759 Gnidonem
898 1701 934 1760 de
954 1701 1183 1776 Humbereourt‚

152 1819 264 1878 genere
275 1799 460 1874 Piccardum‚
471 1817 566 1859 unum
578 1797 748 1879 et(l)ducis
760 1800 932 1878 Burgundio
943 1818 1096 1861 armorum
1108 1803 1185 1880 capi-

155 1902 250 1960 taneis
269 1899 308 1982 (et
327 1901 357 1960 in
380 1900 473 1978 patria
494 1899 649 1960 leodiensi
668 1901 921 1960 locumtenentem
939 1901 1024 1981 ducis
1046 1903 1187 1962 constitu·

154 2013 219 2062 tum
231 2010 298 2081 post
308 2001 437 2079 primum
451 2000 561 2060 bellum
571 2001 762 2060 etvictoriam
775 2019 828 2078 per
838 2001 943 2060 ducem
956 2000 1186 2073 habitam,anno
1232 2075 1234 2078 v

150 2103 266 2180 elapso,
288 2103 318 2160 in
341 2102 457 2180 villagio
480 2101 641 2162 Bruschern
664 2119 756 2180 prope
784 2101 1099 2162 Sanctum-Tridonem
1121 2101 1186 2184 (2))‚

150 2203 329 2281 applicuisse
347 2220 416 2260 cum
431 2201 565 2278 quinque
581 2211 764 2260 armatorum
781 2201 901 2260 milibus
917 2221 952 2260 eo
967 2202 1015 2262 die
1031 2203 1067 2261 ad
1088 2203 1184 2262 villam

152 2303 481 2382 lleliiam(5)‚quinquc
490 2301 527 2360 ab
538 2301 642 2360 leodio
655 2301 748 2360 leucis
762 2299 1061 2380 distantem,jamque
1073 2303 1187 2381 cepisse

151 2406 237 2464 villas
252 2415 282 2464 et
295 2398 380 2482 agros
396 2401 538 2462 finitimos
561 2401 691 2480 spoliare
707 2410 736 2460 et
751 2401 922 2475 incendere,
937 2401 1115 2479 jussumque
1130 2402 1185 2462 sibi

153 2505 228 2576 sore,
250 2515 284 2564 ut
304 2505 381 2563 sarna
398 2511 469 2578 erat,
494 2501 640 2578 reliquam
659 2503 786 2579 patriam
802 2510 832 2561 ct
845 2501 940 2580 ipsam
957 2503 1104 2562 civitatem
1123 2503 1195 2580 pari·

152 2606 241 2667 modo
255 2605 357 2684 spoliis
372 2614 402 2664 et
416 2605 553 2664 incendio
568 2622 764 2664 consumere:
781 2603 819 2663 ob
840 2621 928 2680 quam
939 2641 942 2645 ,
952 2623 1068 2664 eausam
1093 2603 1186 2680 major

151 2710 183 2768 in
208 2708 325 2768 civitate
353 2723 458 2766 rumor
489 2713 610 2765 exortus
636 2713 666 2764 et
689 2703 822 2782 undique
842 2723 1005 2765 concursus
1032 2705 1069 2764 ad
1093 2724 1185 2778 arma,

150 2809 348 2869 vociferantes
370 2826 402 2867 se
420 2806 458 2866 ab
479 2805 619 2885 episcopo
639 2813 668 2864 et
689 2804 785 2882 legato
807 2803 947 2882 deceptos
972 2804 1028 2862 sub
1047 2805 1185 2864 simulato

152 2911 231 2988 pacis
247 2917 372 2969 tractatu
384 2909 478 2968 donec
490 2905 546 2966 hee
558 2906 600 2986 (l)
612 2915 642 2966 et
653 2906 709 2965 alic
720 2905 756 2966 ad
768 2923 818 2966 eos
830 2903 1017 2984 oppinendos
1029 2904 1070 2984 (5)
1081 2916 1186 2984 gentes

150 3010 403 3090 supervenirent3
430 3006 619 3085 incensisque
648 3007 762 3084 magnis
791 3004 910 3084 ignibus
940 3024 975 3064 cx
1005 3003 1184 3064 corbonibus

151 3111 277 3190 lapideis
292 3129 309 3170 e
324 3120 402 3169 terra
417 3102 553 3168 deffossis
570 3105 611 3187 (6)
626 3109 768 3186 (quorum
789 3106 870 3185 apud
889 3124 939 3166 eos
959 3106 1084 3167 maxima
1100 3106 1183 3184 eopia

151 3213 218 3292 cst),
232 3211 270 3271 ab
289 3210 427 3290 pluribus
450 3209 543 3290 portis
563 3209 747 3288 irruptiones
769 3207 915 3268 fecerunt.
935 3209 1063 3266 Demum
1086 3209 1129 3267 ira
1155 3215 1183 3267 et
1232 3218 1241 3234 ·

185 3527 223 3591 (1)
241 3527 313 3577 Lisen
325 3539 366 3578 ca.

182 3611 220 3680 (a)
236 3613 318 3675 voyez
330 3612 461 3662 ci-dessus
474 3624 538 3674 page
553 3611 595 3660 Ἠ.

185 3699 221 3762 (ὅ)
238 3698 333 3761 meede,
346 3698 436 3760 village
446 3699 459 3747 'a
470 3700 498 3748 2¹
516 3697 603 3748 lilom.
613 3696 708 3757 delluy
721 3701 747 3744 et
760 3696 792 3744 de
805 3695 955 3743 Waremme.
1050 3750 1054 3758 p

183 3787 221 3848 (l)
238 3787 311 3836 liscz
323 3785 362 3835 ite.

182 3872 220 3944 (5)
238 3871 309 3921 lisez
321 3871 515 3935 opprimendos.

190 3957 226 4022 (6)
244 3958 315 4007 Lisez
327 3959 446 4022 defossis.

237 4050 303 4104 utu.
319 4062 469 4104 oxurnrus.
