3102 4914
853 450 980 550 (Ἃ)

397 616 415 654 o>
438 592 937 670 nostro,salutemet-apostolieum
953 591 1201 653 benedictionem.
1214 595 1289 654 Cum
1303 595 1376 656 nihil
1388 597 1424 658 sit
1503 574 1505 583 ¹

397 720 415 755 >i
436 695 516 773 quad
534 713 589 774 pro
603 695 724 756 comuni
745 693 855 754 Christi
876 691 1010 753 fidelium
1026 694 1122 753 salute
1140 707 1273 757 mentem
1293 710 1423 760 nostram

397 822 415 857 a
436 797 530 876 magis
541 796 650 858 excitet
661 803 692 856 et
705 805 741 876 ex
751 793 1007 856 desideriolc'ordis
1023 783 1147 854 nos'tam
1163 795 1303 856 sollicitos
1319 798 1424 862 reddat

388 924 415 959 .»
437 908 576 980 quamut
592 917 646 976 pro
661 897 776 959 viribus
790 897 827 957 ad
841 915 874 956 ea
891 895 1081 957 intendamus
1097 914 1234 974 perque
1247 897 1423 964 dissidentes

397 1023 413 1060 a
436 1003 515 1063 inter
529 1021 562 1060 se
575 999 767 1060 ecclesiarum
784 998 900 1078 prelati,
923 997 1076 1077 principes.
1094 1009 1124 1058 et
1138 999 1248 1076 populi
1270 999 1422 1064 christiani

384 1126 413 1161 ,a
436 1103 552 1184 possint
565 1101 596 1162 in
613 1099 713 1162 debita
732 1100 870 1179 componi
886 1098 1017 1162 ,amicitia
1039 1109 1104 1160 eta
1126 1099 1363 1165 dissensionibus
1385 1105 1421 1165 iat

391 1225 413 1268 ,a
435 1203 515 1283 pacis
539 1201 727 1262 dnlcedinem
747 1200 893 1272 revocari,
916 1201 1067 1279 cogimur,
1090 1219 1172 1262 mora
1199 1202 1239 1280 pii
1262 1205 1367 1281 patris,
1387 1210 1422 1266 ex
1495 1249 1498 1256 .

385 1318 413 1374 ‚p
436 1303 620 1382 benignitate
630 1301 789 1382 apostolice
801 1301 888 1375 sediS,
899 1299 955 1360 hoc
967 1301 1095 1361 maxime
1106 1305 1274 1363 necessario
1285 1313 1421 1382 tempore

395 1427 414 1462 a
435 1423 495 1482 quo
509 1405 545 1464 ad
561 1421 719 1463 comunem
734 1402 804 1474 fidei
817 1401 984 1463 orthodoxe
998 1420 1115 1462 causam
1129 1402 1234 1463 sedulo
1254 1423 1357 1466 sumas
1371 1407 1422 1467 in·
1521 1489 1522 1500 ἵ

389 1529 412 1575 a
435 1506 519 1578 tenti,
532 1523 727 1583 nonunquam
740 1523 773 1564 ea
784 1504 947 1570 concedere
960 1514 1049 1581 atque
1062 1504 1126 1564 lieri
1139 1505 1280 1565 mandare
1294 1507 1422 1585 qaesjus·

394 1627 421 1664 a·
434 1608 497 1666 titic
513 1607 586 1666 ordo
601 1604 761 1676 interdicit,
776 1617 809 1665 ut
823 1623 898 1682 quos
913 1605 1091 1665 conscientia
1107 1607 1227 1692 propria
1242 1607 1280 1667 ab
1299 1607 1421 1688 offensis

393 1731 410 1766 a
434 1727 493 1771 non
510 1707 645 1781 retrahit,
660 1707 763 1770 saltem
780 1707 843 1784 ipsa
862 1698 914 1766 Dei
929 1706 1082 1767 clementia
1100 1707 1136 1766 ad
1151 1727 1202 1768 cor
1218 1727 1306 1768 suum
1322 1709 1422 1770 redire

392 1832 409 1867 n
432 1809 600 1887 compellat.
615 1810 769 1868 lntaentes
781 1809 890 1885 itaque,
904 1826 962 1866 non
975 1807 1039 1894 sine
1054 1807 1166 1880 dolore,
1183 1810 1313 1886 pateretis
1326 1809 1420 1884 oculis¹

393 1933 409 1966 a
431 1911 551 1986 nostris,
561 1909 665 1987 jandiu
678 1907 704 1989 (l
714 1911 722 1984 i
734 1909 775 1968 sic
787 1918 907 1968 vexatas
921 1908 1080 1969 nonnullas
1092 1926 1128 1968 ex
1141 1909 1319 1987 supradictis
1331 1912 1422 1971 ecole-

391 2033 408 2068 a
431 2012 483 2071 siis
495 2024 524 2071 ct
538 2011 651 2090 patriis,
663 2021 691 2070 ct
705 2008 833 2070 maxime
846 2007 1049 2080 leodiensem,
1062 2009 1141 2068 inter
1154 2009 1223 2069 alias
1235 2010 1421 2072 cathedrales

390 2129 419 2184 »j
430 2113 565 2172 ecelesias
581 2130 642 2171 non
657 2111 854 2188 posteriorem
870 2109 922 2172 sed
938 2109 1096 2188 insignem,
1112 2110 1213 2187 eisque
1228 2112 1422 2174 condolentes

391 2235 408 2270 n
431 2214 604 2292 plurimum,
616 2221 646 2271 et
656 2211 851 2271 abintestinis
862 2210 1226 2289 bellisquibus‘retroactis
1236 2205 1420 2292 temporibus
1523 2259 1524 2262 ,

391 2313 641 2376 »miserabiliter
665 2321 818 2374 attenuate
845 2321 916 2372 sunt
943 2321 972 2371 et
999 2312 1159 2400 devastate,
1185 2315 1420 2393 quamprimum,
1457 2393 1464 2400 ,

390 2435 408 2472 a
430 2415 519 2475 etiam
535 2433 602 2474 eum
617 2415 736 2491 aliquali
754 2414 870 2493 jactura
888 2426 988 2474 nostra
1004 2425 1034 2474 et
1052 2415 1138 2478 sedis,
1153 2417 1294 2494 predicte,
1317 2432 1419 2494 paceut

391 2540 408 2575 a
430 2518 486 2578 sibi
507 2518 570 2577 dari
591 2519 750 2594 aliquando
770 2516 944 2580 affectantes
963 2516 1204 2578 :maternitatem
1224 2529 1315 2592 tuam,
1331 2520 1418 2598 lunga

391 2642 411 2688 a
430 2619 623 2696 experientia,
640 2620 810 2696 integritate
825 2620 903 2693 vitae,
919 2618 1052 2678 moribus
1071 2629 1101 2678 et
1122 2621 1263 2699 singulari
1284 2619 1418 2681 doctrina

391 2738 463 2780 nac
477 2721 506 2780 in
524 2721 612 2781 rebus
627 2721 749 2800 agendis
764 2739 881 2780 summo
902 2721 1001 2780 studio
1023 2720 1107 2780 nobis
1129 2722 1363 2799 comprobatam,
1382 2725 1418 2786 ad

391 2844 408 2879 n
430 2822 647 2896 Coloniensem,
670 2823 890 2893 Trevireusem,
914 2819 1117 2894 leodiensem,
1139 2823 1356 2884 Tornaoeusom
1386 2845 1419 2885 ac

390 2943 407 2978 a
430 2923 649 3001 Trajeotensem
661 2924 838 2987 oiri‘tates'et
849 2923 990 2996 dioceses,
1003 2934 1032 2985 et
1045 2924 1148 3001 queris
1160 2924 1214 2982 alia
1228 2925 1289 2984 terea
1301 2926 1336 2985 ad
1350 2945 1419 3003 que,

391 3045 407 3080 a
430 3026 584 3083 occasione
601 3025 752 3084 tractanda
768 3033 798 3082 et
811 3025 1018 3104 componenda
1034 3025 1121 3102 pacis,
1137 3026 1302 3099 accesseris,
1319 3039 1348 3086 et
1360 3046 1419 3105 que

391 3145 408 3181 >r
432 3123 521 3182 etiam
543 3123 580 3182 ad
602 3142 667 3183 eam
690 3124 851 3183 ineundam
873 3126 1032 3202 quicquam
1058 3123 1222 3202 adjumenti
1251 3136 1279 3184 et
1308 3127 1418 3188 lavaris

301 3245 303 3248 ·
390 3246 407 3281 a
428 3226 567 3286 conferre
589 3238 742 3302 poterant,
762 3245 830 3286 eum
858 3235 1002 3304 potestate
1031 3227 1118 3304 plena
1142 3229 1227 3305 legati
1250 3229 1288 3289 de
1314 3231 1419 3303 latere,
1523 3303 1525 3308 Ι

389 3348 408 3383 s>
431 3327 602 3405 numptium
618 3338 648 3385 et
658 3339 815 3390 oratorem·
828 3339 964 3387 nostrum
977 3338 1006 3386 et
1018 3328 1156 3407 angelum
1173 3330 1252 3408 pacis
1267 3331 1418 3393 destinare

389 3427 632 3498 adsuescimus,
649 3427 733 3487 firma
749 3444 802 3507 spe
819 3440 953 3489 tenentes
968 3448 1001 3488 ac
1023 3430 1109 3502 plene
1128 3433 1158 3489 in
1174 3433 1303 3492 Domino
1323 3433 1419 3493 conli-

389 3551 406 3586 a
422 3530 543 3600 dentes,
560 3531 653 3610 gratia
674 3529 808 3608 ejusdem
830 3531 883 3590 tibi
903 3533 1060 3591 assistente
1083 3534 1221 3612 propitia,
1245 3535 1418 3596 missionem

388 3651 405 3686 n
427 3628 505 3690 hano
516 3630 553 3696 de
570 3640 607 3704 te,
623 3631 715 3691 irater
726 3631 1050 3710 episcopesdeeretam,
1062 3644 1092 3692 et
1104 3633 1174 3711 ipsis
1186 3634 1315 3694 ecclesiis
1327 3643 1418 3712 atque

387 3753 404 3789 a
426 3732 490 3792 aliis
506 3732 701 3818 principibus,
717 3733 901 3812 proceribus,
913 3734 1074 3811 nobilibus,
1090 3735 1333 3812 comunitatibus,
1350 3737 1418 3796 uni-

386 3855 403 3891 a
427 3833 617 3894 versitatibns
633 3835 799 3913 ceterisque
814 3836 1017 3915 singularibus
1033 3847 1062 3898 et
1078 3837 1201 3915 privatis
1218 3840 1364 3922 personis,
1387 3850 1418 3901 et

671 3989 680 3995 ..
685 3988 812 3996 -------.
823 3987 1417 4003 ''¹’‘·‘”''·⁸'⁴·-·,'-·‘-'-··-···'—···*····*·

1323 4007 1325 4010 .
1368 4003 1372 4011 a

417 4063 456 4127 (l)
473 4065 523 4126 Sic,
536 4065 721 4130 poarjomdto.
