3088 4926
310 529 312 532 ⁵
345 546 437 606 armis
453 547 496 607 uti
510 547 587 608 velle
599 565 694 625 usque
705 546 882 608 admortcm
895 549 924 608 in
938 534 1143 608 defensionem
1157 549 1299 622 Ecclesiae,
1312 550 1377 626 cpi·

347 648 438 728 scopi,
451 648 577 708 civitatis
588 659 618 707 et
630 647 723 727 patrie
735 657 837 708 eontra
850 667 953 708 omnes
965 647 1081 720 hostes;
1093 667 1146 727 pro
1158 648 1268 725 quibus
1282 650 1378 709 binni·

347 749 403 809 bus
426 750 622 811 observandis
643 769 675 810 se
697 761 816 829 paratos
833 769 896 810 esse
916 751 954 812 ad
974 751 1061 830 legati
1079 750 1238 810 arbitrium
1260 749 1378 811 obsides

346 851 416 910 darc
434 860 464 911 et
479 852 618 932 episcopo
633 867 753 912 omnem
773 852 977 925 securitatem,
992 855 1016 912 si
1036 851 1160 930 deipsis
1176 852 1378 929 suspicaretur

346 951 426 1028 quod
445 970 505 1011 non
521 951 692 1028 oportebat;
712 951 911 1012 securitatem
924 963 1021 1012 autem
1045 951 1082 1010 ab
1104 953 1251 1032 episcopo,
1273 970 1377 1012 eorum

248 1080 252 1092 ⁸
345 1052 478 1126 domino,
494 1063 595 1131 petere
610 1053 765 1131 indignum
781 1051 1010 1124 deridebatur,
1022 1071 1089 1113 eum
1109 1071 1167 1138 non
1184 1061 1306 1131 possent
1320 1053 1377 1112 disi

345 1151 459 1213 litteras
475 1163 577 1230 petere
591 1152 769 1226 securitatis,
780 1164 810 1213 et
824 1152 881 1212 hoc
892 1153 992 1212 minus
1004 1151 1154 1212 sufficiens
1167 1153 1210 1212 cis
1223 1152 1380 1213 videbatur

346 1273 382 1314 ex
397 1254 511 1313 ratione
523 1253 584 1332 jam
602 1254 688 1314 diota.
704 1253 792 1327 Quod
808 1264 908 1313 aulem
924 1253 1083 1333 episeopus
1100 1255 1250 1314 civitatem
1265 1255 1378 1314 intrare

347 1354 438 1432 possit
453 1365 485 1413 ut
500 1354 648 1429 dominus,
665 1353 721 1413 boc
733 1355 933 1433 justissimum
947 1373 1024 1428 esse,
1035 1353 1090 1414 boc
1102 1373 1134 1413 sc
1145 1373 1262 1413 summe
1277 1366 1381 1434 optare

346 1456 573 1533 supplicareque
583 1474 636 1534 pro
652 1454 745 1514 salute
757 1454 884 1514 civitatis
894 1465 924 1514 et
938 1454 1033 1532 patrie
1049 1465 1081 1514 ut
1094 1456 1269 1533 quantocius
1283 1455 1382 1526 faeiat,

346 1555 519 1633 nullamque
536 1574 600 1614 esse
614 1556 701 1615 aliam
717 1553 821 1614 salutis
836 1555 1003 1634 spem3h0e
1018 1556 1195 1630 sentiebant,
1206 1556 1380 1635 judicabant

347 1665 377 1716 ct
400 1657 607 1735 supplicabant
627 1657 768 1735 primates
792 1656 917 1726 civitatis
940 1667 969 1717 et
989 1658 1179 1717 ecclesiarum
1206 1669 1325 1736 patres:
1346 1667 1380 1717 ut

347 1758 546 1836 episcopusin
560 1758 709 1818 civitatem
722 1758 843 1818 rediret.
853 1759 951 1817 Unum
964 1757 1140 1837 edebanttl)
1152 1759 1231 1819 cives
1244 1769 1286 1833 ut,
1298 1771 1378 1838 post·

347 1877 435 1934 quam
457 1859 612 1938 episeopus
629 1859 659 1918 in
675 1858 793 1919 civitate
809 1867 896 1932 esset,
912 1857 1041 1937 benigne
1056 1878 1106 1919 cos
1126 1879 1183 1918 una
1199 1879 1266 1919 cum
1284 1861 1380 1938 legato

350 1958 468 2020 audiret
493 1978 585 2038 super
606 1978 710 2019 eorum
733 1957 978 2038 oppressionibus
1000 1968 1030 2018 et
1047 1960 1277 2039 gravaminibus,
1300 1963 1379 2021 salva

351 2078 470 2139 semper
487 2059 647 2138 apostolice
667 2059 743 2118 sedis
765 2060 927 2134 sententia3
948 2060 977 2119 in
1001 2060 1135 2140 ingressu
1157 2071 1256 2122 autem
1277 2062 1379 2122 sucin

351 2160 499 2219 civitatem
517 2177 576 2218 non
589 2159 711 2217 duceret
721 2179 822 2218 secum
836 2161 981 2237 quosdam
993 2161 1107 2222 nobiles
1119 2174 1148 2222 et
1158 2163 1229 2221 alios
1241 2162 1328 2236 cives,
1340 2161 1377 2222 ad

352 2279 513 2320 nunrcrum
528 2260 691 2334 sexdecim,
714 2278 768 2337 per
782 2261 862 2339 ipsos
878 2263 1056 2336 nominatos,
1071 2264 1123 2340 qui
1138 2263 1289 2341 prioribus
1306 2283 1377 2323 con-

352 2360 533 2421 tentionibus
552 2361 669 2438 aliquos
686 2362 758 2421 alios
781 2362 869 2435 cives,
883 2365 1120 2440 consanguineos
1139 2365 1307 2441 aliquorum
1326 2366 1376 2442 qui

351 2481 433 2522 nunc
458 2463 487 2520 in
510 2462 628 2521 civitate
653 2459 750 2537 erant,
766 2465 905 2541 privatim
927 2465 1098 2525 occiderant
1121 2475 1151 2525 et
1171 2466 1243 2526 alios
1262 2486 1377 2526 summo

351 2561 513 2624 affecerant
528 2563 674 2643 supplicio
696 2565 823 2642 publice.
849 2567 939 2624 Posse
961 2575 1060 2626 autem
1083 2567 1153 2627 istos
1179 2567 1378 2645 postmodnm,

274 2718 276 2722 .
352 2665 462 2743 pacatis
482 2664 584 2740 rebus,
596 2664 632 2723 ad
648 2666 738 2725 breve
759 2675 879 2745 tempus
894 2666 926 2726 in
941 2667 1059 2726 civitate
1076 2667 1198 2727 redduci
1215 2666 1266 2748 (2).
1281 2691 1298 2726 o
1314 2671 1379 2728 llaee

351 2784 466 2825 summa
482 2749 628 2846 responsi.
1327 2773 1328 2776 ’

96 2887 179 2931 nomn
194 2883 261 2950 oxjvjt
278 2883 339 2940 lepl-
392 2868 465 2926 Cum
482 2868 562 2927 locus
574 2886 634 2926 non
650 2879 728 2926 esset
744 2878 849 2928 mutue
864 2869 1070 2928 conventionis
1085 2869 1216 2948 episcopi
1232 2881 1262 2929 et
1272 2871 1378 2930 civium

110 2940 477 3058 {ffisffipffistfflssffipropter
504 2981 701 3045 utrorumque
725 2968 922 3029 diffidentiam
947 2979 978 3030 et
999 2971 1136 3030 violatam
1162 2969 1260 3049 pridie
1280 2971 1379 3044 fidem,

110 3070 226 3116 ¹⁹⁸l⁰¹¹⁵⁰·
352 3069 511 3146 snbsccpto
526 3069 556 3127 in
572 3087 604 3128 sc
625 3086 717 3128 onere
733 3077 876 3128 tractatus
897 3069 978 3148 pacis
996 3071 1121 3150 legatus,
1139 3070 1284 3147 requisito
1303 3072 1381 3150 epis-

353 3189 437 3248 copo,
450 3171 542 3230 crivit
556 3171 593 3230 ad
610 3172 665 3230 tria
681 3171 761 3231 milia
777 3190 921 3250 passuum
936 3181 1020 3232 extra
1034 3173 1193 3244 civitatem,
1208 3173 1246 3233 ad
1260 3191 1382 3251 parvam

353 3272 465 3332 curiam
480 3271 595 3331 abbatis
608 3272 889 3351 premonstratensis
902 3271 1233 3353 nomineblilmortl5);
1245 3273 1382 3350 adquam

353 3373 440 3432 etiam
464 3372 621 3451 episcopus
643 3373 765 3432 veniens
788 3391 855 3432 eum
877 3374 938 3434 suis
960 3369 1145 3447 consiliariis,
1161 3373 1335 3452 proceribus
1355 3381 1383 3432 el

352 3471 502 3533 nobilibus
526 3473 622 3552 patric
644 3489 711 3532 cum
736 3473 798 3533 suis
818 3473 960 3552 gentibus
977 3472 1015 3533 ad
1036 3491 1197 3533 numerum
1216 3473 1280 3534 sere
1295 3473 1386 3546 mille,

383 3735 420 3798 (l)
438 3733 511 3782 bisen
523 3732 661 3785 addetam

383 3817 420 3885 (2)
437 3818 510 3869 bisen
521 3819 618 3870 reduci.

383 3907 420 3972 (ὅ)
438 3904 574 3967 Milmorte,
586 3905 675 3968 village
687 3905 701 3957 a
713 3908 728 3956 7
739 3906 825 3959 kilom.
836 3906 867 3958 de
879 3907 962 3972 bicgo.
