3088 4926
597 447 702 544 (aar
737 456 747 543 i

157 588 309 648 nubantur
333 586 451 666 (preter
475 585 675 664 presidentem
701 585 745 668 ll)
768 591 820 664 qui
845 590 948 651 aberat
973 603 1001 652 et
1026 611 1042 650 a
1068 591 1194 670 Tongris

155 688 325 766 Trajectum
340 687 517 767 aufugerat),
529 690 592 748 siue
605 707 685 748 mora
702 690 836 766 equitare
848 691 886 751 ad
898 690 994 751 locum
1010 692 1192 752 destinatum

152 793 325 870 jusserunt;
341 801 371 850 et
385 789 525 868 quoniam
545 791 658 869 legatus
673 790 712 851 ob
728 791 843 851 viarum
866 793 1052 866 discrimina,
1074 795 1191 854 intensa

155 893 267 973 frigora
293 903 323 952 et
347 893 392 952 sui
417 893 551 969 corporis
575 911 633 969 qua
661 905 731 953 tunc
757 893 952 970 premebatur
980 895 1191 976 egritudinem,
1295 953 1297 958 .

157 995 354 1072 personaliter
367 993 507 1053 accedere
523 1005 583 1052 non
599 1003 726 1069 poterat,
740 994 888 1054 decanum
904 995 934 1054 in
951 997 1029 1056 llters
1044 997 1189 1056 loannem

156 1093 281 1154 Altelast
296 1095 336 1168 (i)
352 1103 381 1152 et
395 1082 570 1172 magistrum
585 1093 749 1154 Robertum
766 1095 962 1168 carmelium,
979 1104 1050 1156 tunc
1064 1096 1192 1176 capella-

157 1214 212 1254 nos
233 1213 311 1269 suos,
333 1195 397 1252 loco
418 1194 463 1253 sui
481 1187 551 1252 cum
574 1193 724 1272 deputatis
739 1195 912 1256 transmisit.
929 1197 964 1255 tti
983 1196 1072 1256 simul
1087 1215 1191 1256 omnes

155 1295 282 1355 civitatis
303 1303 402 1372 portas
422 1306 575 1367 exeuntes,
597 1313 665 1354 cum
688 1295 843 1372 paululum
866 1297 1015 1376 progressi
1031 1307 1140 1370 essent,
1153 1296 1191 1356 ad

155 1398 287 1474 primum
314 1395 377 1454 fere
401 1395 528 1474 lapidem
557 1395 660 1455 obvios
690 1395 822 1456 habuere
851 1406 982 1457 armatos
1011 1397 1125 1475 aliquos
1153 1417 1190 1458 ex

155 1499 347 1559 marescalchi
370 1499 412 1576 (5)
436 1497 656 1559 comilitonibus
681 1498 832 1578 (preibant
857 1509 956 1560 antem
987 1501 1075 1578 legati
1104 1499 1190 1560 farni-

154 1601 243 1660 liares
264 1599 303 1660 ob
324 1600 466 1678 majorem
491 1599 680 1664 securitatem
696 1618 812 1674 eorum,
826 1600 875 1658 alii
892 1614 962 1659 vero
977 1601 1055 1660 cives
1070 1600 1188 1660 ominus

153 1699 383 1780 sequebantur);
405 1701 585 1760 sciscitantes
602 1699 842 1778 veroBurgundi
858 1699 976 1778 elegati
993 1698 1188 1759 familiaribus

153 1801 278 1878 quinam
290 1813 390 1861 essent
401 1819 498 1878 quove
512 1800 671 1860 tunderent
683 1820 690 1859 :
703 1819 760 1878 que
775 1801 875 1860 omnia
891 1819 958 1858 cum
975 1799 1194 1860 intellexissent

154 1903 191 1961 ab
213 1903 269 1976 cis,
290 1912 319 1962 et
340 1922 372 1963 sc
395 1921 461 1963 esse
484 1921 537 1980 per
559 1903 687 1980 legatum
703 1911 733 1962 et
746 1903 920 1981 episcopum
936 1903 1041 1961 missos
1055 1899 1135 1960 add.
1151 1900 1188 1959 de

155 2002 344 2064 llubercourt
358 2022 426 2063 cum
442 2004 505 2082 ejus
521 2003 750 2064 salvoconductu
765 2021 820 2082 pro
832 2022 904 2082 pace
916 2001 1079 2074 tractanda,
1092 2001 1188 2060 erola·
1241 1992 1244 1994 ’

154 2115 269 2164 mantes
293 2105 443 2176 ferociter,
467 2113 497 2163 et
522 2114 693 2182 contempto
719 2103 941 2164 Humbereourt
964 2102 1086 2161 nominc
1107 2102 1186 2176 lcum

153 2223 269 2264 summa
285 2203 382 2265 bellici
397 2205 530 2279 imperii,
545 2213 578 2264 ut
590 2204 794 2278 affirmabant,
808 2214 880 2282 aput
895 2202 938 2283 (d)
954 2201 1185 2263 marescalchum

152 2315 230 2364 esset
248 2314 279 2365 ct
299 2323 359 2364 non
381 2305 471 2365 alium
492 2303 693 2385 quemquam),
709 2306 810 2365 inultis
825 2303 1098 2364 conminationibus
1114 2321 1185 2381 pro·

153 2407 220 2465 latis
245 2407 275 2465 in
301 2404 389 2486 legati
416 2407 584 2485 numptios,
611 2404 829 2475 denuntiarunt
853 2407 895 2466 eis
921 2418 954 2464 ut
981 2424 1036 2484 pro
1061 2423 1093 2464 ea
1122 2405 1186 2464 vice

152 2508 329 2568 accederent
342 2526 402 2585 quo
418 2508 499 2567 missi
511 2518 605 2582 erant,
617 2520 699 2568 extra
711 2509 859 2568 civitatem
874 2508 1006 2568 mansuri
1020 2507 1044 2568 si
1057 2507 1184 2568 vellent:

152 2609 205 2670 scd
220 2606 360 2686 deinceps
374 2617 527 2682 caverent,
543 2611 567 2670 si
582 2609 619 2667 ad
634 2597 782 2669 civitatem
799 2609 899 2669 redire
912 2609 1045 2692 mallent,
1059 2608 1185 2668 ulterius

152 2697 300 2770 civitatem
317 2708 427 2786 egredi,
445 2711 585 2787 quoniam
601 2710 625 2769 si
647 2710 775 2788 amplius
797 2710 1005 2787 reperirentur
1024 2708 1136 2768 scirent
1154 2727 1186 2769 se

153 2829 208 2888 pro
222 2821 304 2871 certo
320 2810 461 2890 patibulis
474 2811 696 2890 appendendos.
713 2810 828 2884 Quibus
843 2810 944 2870 verbis
959 2820 990 2870 et
1000 2808 1082 2886 justo
1104 2817 1185 2868 metu

152 2911 346 2970 cancellarius
361 2922 390 2970 et
403 2910 453 2971 alii
467 2913 547 2973 cives
560 2912 686 2989 proculsi
699 2911 751 2992 (b),
762 2913 793 2971 in
804 2913 954 2972 civitatem
966 2909 1094 2990 regressi
1106 2919 1187 2984 sunt,

152 3012 280 3072 maxime
295 3030 362 3072 cum
377 3012 717 3073 salvusconductus‘non
740 3033 772 3074 se
793 3011 970 3074 extenderet
993 3013 1070 3071 ultra
1093 3029 1187 3070 unum

122 3193 123 3196 Ἴ
152 3113 231 3172 diem
246 3122 277 3172 et
292 3122 419 3183 noctem,
440 3114 511 3174 solis
524 3114 611 3194 lcgati
627 3114 825 3175 familiaribus
838 3114 981 3174 euntibus
996 3131 1064 3173 cum
1080 3111 1186 3173 litteris

44 3215 49 3222 ’
152 3213 250 3293 legati,
264 3213 392 3293 episcopi
404 3223 434 3273 et
445 3213 581 3292 ipsorum
593 3214 822 3292 deputatorum
838 3215 877 3276 ob
891 3233 981 3293 quam
993 3232 1113 3274 causam
1126 3232 1186 3273 non

153 3313 343 3374 mediocriter
367 3321 427 3374 tota
453 3315 556 3376 civitas
581 3325 719 3376 conmota
741 3324 786 3375 est
807 3323 837 3376 et
857 3315 894 3375 ad
917 3314 1030 3376 bellum
1055 3314 1184 3374 incensa.

186 3620 221 3682 (l)
238 3619 299 3672 teau
313 3619 413 3670 Posteli
424 3620 460 3672 cl.
474 3621 602 3672 ci-dessus
613 3635 678 3684 page
689 3621 729 3672 22.

183 3706 220 3770 (t)
239 3705 276 3755 ct.
287 3706 416 3757 ci-dessus
429 3720 492 3772 page
503 3708 543 3758 at.
579 3727 581 3732 ’

184 3791 222 3855 (ὅ)
239 3793 260 3841 Α
272 3791 370 3842 savoie:
382 3792 498 3844 Tbibaud
509 3794 540 3844 de
552 3793 708 3844 Mufcbatel.
721 3793 760 3845 Cf.
771 3795 903 3845 ci·dessus
916 3806 980 3858 page
994 3792 1050 3844 108.

195 3877 211 3926 l
239 3877 289 3927 Sic.

186 3881 223 4026 idi
241 3961 314 4013 tisea
324 3965 441 4026 perculsi
448 3964 462 4014 l

237 4053 305 4108 utu.
324 4065 474 4112 causatus,
912 4109 917 4114 .
1049 4049 1068 4105 8
