3088 4926
585 414 713 510 (7⁷)

132 554 161 613 in
180 554 361 632 populorum
376 553 582 613 dissidentium
599 572 745 613 concursu
765 552 933 632 plerunque
944 551 1018 609 solet
1033 550 1164 624 evenire)

131 655 263 716 vicissim
293 654 427 716 convitiis
449 654 664 715 etmaledictis
686 654 885 726 abstinerent3
907 652 1164 728 statutumquam

132 757 251 817 civitate
270 767 323 830 est,
345 765 374 814 et
388 755 496 816 amelio
512 756 549 815 de
571 757 697 834 Velroys
712 755 855 833 primario
869 753 926 813 civi
945 753 1112 830 injunctum
1129 771 1164 810 ex

131 858 221 936 legati
237 875 398 929 consensu,
414 869 446 916 ut
464 857 487 916 si
508 858 574 934 quis
596 857 673 918 sorte
692 857 823 916 insolens
838 875 875 914 ex
889 855 1004 914 civibus
1019 854 1048 912 in
1068 853 1164 931 aliqua

131 958 287 1018 maledieta
304 970 355 1018 aut
370 958 495 1017 convitia
520 970 744 1036 prorumperet‚-
754 956 896 1016 continuo
908 955 1017 1014 carceri
1032 955 1164 1014 tradere-

133 1071 193 1134 tur,
215 1059 313 1120 debita
336 1059 456 1118 demum
479 1077 555 1138 pena
577 1059 760 1138 plectendus,
780 1059 835 1118 sibi
856 1057 1031 1118 satellitibus
1049 1057 1165 1116 traditis

132 1159 170 1219 ad
184 1160 242 1219 hoc
257 1159 475 1237 exeqttendum.
493 1160 599 1237 Sicque
620 1160 732 1238 legatus
753 1178 820 1218 cum
837 1159 1029 1219 multitudine
1046 1159 1164 1226 civium,

133 1262 296 1342 capitaneis
310 1280 432 1339 quoquc
447 1263 569 1321 exulum
585 1281 676 1340 supra
692 1263 851 1322 nominatis
864 1262 1050 1323 inhermibus
1064 1281 1166 1320 seeum
1184 1255 1186 1261 ⁸

133 1363 377 1436 conmitantibus,
393 1382 497 1422 versus
512 1373 628 1443 portam
641 1364 915 1442 Sancte-Valpurgis
928 1364 969 1442 (l)
981 1382 1071 1442 supra
1085 1381 1164 1422 mon

134 1476 194 1526 tem
220 1463 345 1541 positam
361 1463 478 1522 obviam
494 1464 633 1542 episcopo
648 1481 823 1542 progressus
839 1472 891 1524 est.
1011 1538 1013 1541 Ι

174 1566 247 1623 Cum
259 1565 290 1622 in
306 1563 403 1623 medio
418 1563 483 1623 loro
498 1573 567 1624 ante
583 1573 700 1643 portam
720 1565 798 1624 beati
824 1565 969 1624 lamberti
987 1563 1028 1645 (2)
1051 1565 1165 1638 legatus
1179 1588 1422 1653 v÷wcrttaoeptseopus

132 1686 201 1728 cum
216 1669 278 1727 suis
292 1667 450 1727 comitibus
465 1680 558 1738 esset,
578 1669 684 1727 Petrus
696 1668 733 1727 de
750 1669 890 1727 Hannuto
910 1667 1039 1726 decanus
1055 1669 1166 1728 Sancti·
1192 1646 1370 1750 ppapppanttum
1389 1659 1421 1689 ω’

133 1768 227 1839 Petri,
243 1778 272 1827 et
290 1766 411 1845 Egidius
430 1769 542 1825 Bonem
565 1768 724 1826 canonieus
744 1751 970 1826 Sancte-Crucis
985 1767 1164 1841 Leodiensis

132 1867 323 1947 abepiscopo
345 1885 381 1926 ex
401 1867 527 1945 Tungris
550 1867 645 1938 missi,
661 1867 773 1926 litteras
789 1867 826 1926 ad
842 1868 971 1946 legatum
990 1868 1166 1928 detulerunt
1252 1885 1255 1890 ·

134 1970 323 2028 continentes
338 1967 512 2045 episcopum
524 1985 560 2026 ex
571 1967 710 2046 legitimis
721 1967 816 2026 causis
831 1967 954 2027 differre
968 1987 1087 2028 neeesse
1101 1987 1165 2028 esse

97 2057 99 2060 ⁵
134 2070 290 2138 introitum
308 2070 444 2128 suumin
464 2070 613 2130 civitatem
634 2088 728 2148 usque
743 2069 779 2128 ad
795 2070 874 2131 diem
889 2070 1068 2130 dominicam
1085 2072 1166 2130 lutu-

133 2189 206 2231 ram.
219 2171 263 2230 tto
274 2170 352 2229 hanc
363 2171 538 2230 relationem
552 2171 688 2231 turbatus
700 2170 813 2250 legatus
825 2181 854 2232 et
865 2172 962 2234 omnis
978 2173 1080 2232 civitas
1096 2191 1163 2232 cum

133 2273 196 2346 itto,
211 2290 271 2349 que
288 2271 351 2350 jam
374 2271 404 2330 in
418 2273 528 2350 plateas
549 2284 578 2332 et
597 2274 676 2334 vicos
698 2291 814 2332 summa
829 2272 1015 2352 jocunditate
1037 2294 1164 2334 coneur-

135 2384 217 2434 rerat
231 2372 269 2432 od
284 2372 489 2450 recipiendum
503 2375 675 2454 episcopum
692 2385 721 2434 et
732 2374 886 2434 dominum
901 2395 1000 2434 suum.
1018 2376 1095 2435 lllico
1113 2395 1166 2454 per

135 2475 256 2536 cosdem
271 2476 386 2555 legatus
403 2477 556 2554 rescripsit
572 2487 614 2550 ut,
634 2477 658 2537 si
673 2477 823 2537 civitatem
839 2495 924 2537 suam
945 2477 1056 2536 salvam
1078 2497 1168 2556 cupe-

134 2586 191 2650 ret,
204 2575 286 2641 nullo
296 2575 384 2635 modo
396 2577 499 2635 venire
510 2574 1004 2654 differretfledeuntesqueomnes
1015 2576 1051 2635 ad
1064 2578 1167 2638 domos

136 2678 247 2754 stupidi
275 2697 342 2737 cum
364 2679 470 2756 legato,
498 2679 609 2737 iterum
634 2678 709 2737 cirea
734 2678 888 2737 meridiem
912 2679 1035 2758 legatus,
1058 2680 1167 2740 eisdem

136 2778 305 2854 comitibus,
324 2779 441 2838 obviam
460 2779 599 2858 episeopo
607 2798 798 2858 progressus,
815 2799 882 2840 cum
898 2790 1035 2858 speraret
1046 2792 1169 2861 propter

137 2899 205 2941 suas
220 2879 334 2940 litteras
355 2880 528 2958 episcopum
544 2879 609 2940 sore
625 2889 837 2941 venturum‘et
851 2900 887 2942 ex
907 2881 1043 2942 mutabili
1059 2883 1169 2942 laetum

136 2979 273 3041 stabilem
289 2991 320 3040 et
339 2979 470 3040 firmum.
486 2981 570 3042 Alius
586 2982 662 3056 cirea
683 2982 752 3042 solis
766 3001 902 3042 occasum
925 2982 1101 3062 supervenit
1116 3001 1170 3062 pu-

137 3081 232 3142 blieus
261 3082 393 3161 episcopi
419 3082 578 3158 nunctius,
603 3082 667 3161 ejus
691 3082 820 3144 afferens
842 3085 956 3144 litteras
982 3085 1171 3144 continentes

138 3203 156 3240 u
165 3182 288 3242 omuino
297 3183 497 3242 necessarium
510 3183 575 3243 sore
586 3183 641 3243 sibi
654 3203 720 3243 cum
730 3186 825 3262 legato
834 3184 1019 3263 etaliquibus
1034 3204 1069 3244 ex
1082 3203 1171 3244 cano·

139 3283 222 3358 uicis,
235 3302 309 3360 quos
322 3283 434 3362 legatus
449 3284 580 3363 eligeret,
594 3283 705 3344 habere
717 3286 909 3362 conloquium
922 3295 990 3345 ante
1001 3287 1170 3364 ingressum

139 3403 228 3444 strum
247 3385 278 3444 in
295 3385 458 3458 civitatem3
474 3385 585 3446 addens
601 3387 697 3464 quod,
712 3386 780 3447 licet
798 3387 1025 3447 convenientius
1040 3388 1125 3455 soret,
1140 3397 1172 3446 ut
1248 3467 1250 3471 Ι

139 3487 202 3566 ipse
218 3486 256 3546 ad
271 3488 398 3566 legatum
416 3488 540 3560 veniret,
554 3488 623 3565 quia
640 3497 738 3549 tarnen
754 3475 877 3548 materia
893 3489 1022 3566 requirit
1035 3499 1063 3548 et
1079 3487 1171 3548 ardua

135 3595 195 3662 est,
209 3598 293 3665 rogat
306 3587 436 3666 legatum
456 3597 488 3647 ut
506 3587 563 3648 sibi
579 3599 694 3649 certum
709 3591 808 3650 laeum
821 3583 922 3649 'tutum
938 3588 1089 3666 assignare
1103 3587 1173 3646 velit

172 3853 210 3919 (l)
228 3853 283 3904 Une
292 3863 364 3916 porte
375 3853 408 3902 de
417 3852 613 3916 stt-walburga,
625 3853 756 3903 dominam
766 3853 788 3903 la
798 3851 864 3914 ville,
874 3853 956 3903 existe
965 3865 1055 3903 encore
1066 3851 1080 3902 a
1091 3851 1172 3913 Liege.

173 3938 210 4004 (Ξ)
228 3939 264 3990 Le
273 3938 365 4004 portati
374 3938 438 3990 dela
447 3938 592 3990 cathedrale
606 3939 767 3991 st-tamoert
779 3940 901 3990 s'ouvrsit
910 3953 954 3990 sur
967 3940 990 3990 le
998 3937 1107 3999 biarche.
