3102 4914
610 514 623 607 1
652 510 738 608 ¹⁷)

149 652 184 714 et'
199 637 266 732 igne
282 639 419 723 uastaret,
435 662 468 711 ut
483 651 571 728 vulgo
586 651 920 725 ferebaturstub'certis
937 637 1031 714 modis
1044 659 1074 713 et
1087 633 1189 715 eondi-

150 752 285 840 tionibus
306 753 384 813 inira
407 738 609 812 describendis
625 751 660 811 ad
679 752 864 823 voluntatem
886 753 970 813 ducis
986 764 1014 814 et
1030 739 1189 817 arbitrium

149 873 186 916 se
199 854 390 914 dediderunt.
409 843 411 848 ’
927 839 930 872 Τ
947 921 950 926 ,

194 957 333 1033 Receptis
357 955 388 1015 in
415 940 596 1015 deditionem
619 954 727 1031 opidis
747 955 806 1015 dux
826 973 894 1014 eam
918 964 980 1015 toto
999 956 1129 1017 exercitu
1152 958 1188 1018 ad

144 1058 301 1119 civitatem
328 1056 571 1135 expugnandam,
600 1053 800 1135 diripiendam
829 1067 859 1116 et
887 1039 1012 1134 penitus'
1031 1057 1188 1119 delendam

141 1177 323 1232 conversus,
348 1160 378 1216 in
406 1157 583 1216 monasterio
597 1156 860 1218 Sancti-Laurentii
882 1157 924 1235 (1)
943 1143 1043 1218 'inuris
1062 1159 1188 1220 civitatis

143 1261 289 1341 proximo
310 1258 583 1326 castrametabatur,
606 1258 695 1337 Cujus
715 1257 784 1318 sorti
807 1247 939 1337 potentie
961 1277 992 1319 se
1016 1278 1075 1319 non
1101 1279 1188 1339 posse

142 1363 290 1442 resistere
315 1379 383 1425 cunr
403 1343 577 1419 Leodienses
595 1353 811 1438 conspicerent
837 1352 987 1438 supplices
1009 1380 1040 1420 se
1058 1361 1138 1441 ipsos
1158 1372 1187 1423 et
1202 1371 1292 1439 oudino
1339 1373 1446 1442 tacuim-

138 1443 299 1526 civitatem
323 1461 358 1521 ad
384 1461 468 1520 ducis
494 1461 653 1520 arbitrium
678 1461 893 1534 submiserunt,
916 1461 972 1521 boe
994 1463 1075 1524 saivo
1096 1476 1186 1525 utne
1229 1435 1444 1509 numerantem.

138 1567 252 1628 civitas
276 1575 478 1641 exponeretur
503 1563 531 1621 in
558 1562 680 1642 predam
705 1571 756 1622 aut
784 1545 959 1648 traderetur
979 1565 1130 1639 incendio;
1157 1577 1186 1626 et

143 1667 266 1730 traditis
292 1665 358 1724 duei
381 1664 506 1724 civitatis
524 1664 665 1733 clavibus,
689 1665 787 1742 ipsum
809 1683 875 1723 eum
899 1673 960 1725 toto
981 1668 1128 1726 excercitu
1153 1668 1183 1727 iu

139 1769 298 1830 civitatem
315 1774 495 1843 receperunt
509 1764 570 1843 (2);
585 1784 661 1842 quos
673 1764 734 1824 dux
750 1785 781 1825 ea
798 1765 861 1843 iege
877 1766 907 1825 in
923 1767 1102 1827 deditionem
1119 1788 1183 1828 sus·

138 1857 235 1948 cepit,
253 1886 395 1946 parsurus
407 1866 569 1945 direptioni
584 1880 613 1927 et
628 1867 765 1927 incendio
778 1866 904 1933 civitatis
919 1869 943 1927 si
956 1888 988 1927 ea
1006 1869 1185 1945 perficerent

138 1987 205 2048 que
221 1967 307 2050 'inira
331 1981 510 2046 sequuntur,
532 1968 568 2027 ad
593 1968 713 2046 longum
737 1971 820 2047 prius
843 1980 874 2029 et
898 1970 1036 2042 sumatim
1062 1971 1183 2030 demum

140 2069 282 2148 margine
298 2068 439 2146 inscripta
457 2088 464 2126 :

186 2169 319 2242 Carolus,
337 2169 390 2228 Dei
405 2167 509 2246 gratia,
525 2178 579 2229 cte.
594 2169 643 2248 (ὅ).
1191 2157 1242 2226 vtea
1263 2181 1314 2226 dau
1339 2195 1378 2248 per
1391 2182 1442 2249 'itu-

186 2291 206 2328 «
229 2273 260 2330 i⁰
271 2267 436 2330 Abolentur
450 2279 480 2328 et
491 2270 715 2329 annichilantur
727 2271 826 2330 omuia
837 2271 928 2330 offitia
941 2271 1066 2332 civitatis
1079 2273 1108 2332 iu
1117 2293 1183 2352 per·
1225 2239 1442 2346 ppppipodannms

139 2394 161 2432 >a
183 2382 330 2452 petuum;

185 2495 203 2528 a
228 2474 258 2530 2⁰
273 2470 381 2530 Omnia
398 2471 550 2550 privilegia
567 2471 773 2531 Lcodicnsium
790 2464 1008 2546 eon'fiseantur3
1113 2465 1114 2472 ἵ

186 2595 205 2630 n
227 2572 258 2642 5⁰
280 2571 436 2631 Ordinatio
451 2582 481 2631 et
496 2583 624 2650 potestas
640 2572 844 2648 scabinorum3

186 2657 205 2729 a
228 2673 258 2732 4⁰
279 2671 459 2731 iudicabunt
477 2671 588 2731 scabini
609 2671 772 2731 secuudum
797 2673 875 2752 leges
890 2685 919 2731 et
934 2691 993 2731 non
1017 2672 1180 2732 seeundum

137 2801 159 2836 >a
185 2775 432 2848 consuetudinem

175 3058 210 3114 (1)
230 3056 356 3105 Ancieunc
366 3054 471 3116 abbaye,
485 3059 586 3102 serrant
599 3052 760 3113 aujourd'bui
771 3051 804 3102 de
813 3065 923 3102 caserue.

175 3144 212 3206 (⁶2)
229 3140 263 3190 Le
274 3141 355 3206 due,'a
366 3139 449 3190 latete
460 3141 491 3189 de
502 3152 547 3189 sou
560 3139 654 3198 arnse,
664 3147 691 3189 et
703 3138 872 3202 accompassne'
884 3138 915 3187 de
929 3139 1002 3188 touis
1011 3139 1043 3188 de
1056 3141 1180 3200 bourbou,

134 3237 215 3282 entra
230 3229 295 3277 daus
309 3227 333 3276 la
349 3227 400 3278 cite'
417 3227 440 3278 le
457 3227 537 3277 mardi
556 3228 585 3275 17
600 3226 743 3276 novembre.
761 3225 839 3289 (ch,
857 3225 1064 3288 dommartiin,
1080 3227 1179 3277 Coitae·

133 3317 207 3373 tion,
220 3321 277 3372 etc,
290 3320 305 3362 t.
319 3313 336 3372 l,
352 3327 391 3375 pp.
404 3313 521 3372 151181,
533 3313 571 3363 ies
584 3313 672 3363 lettres
683 3311 715 3362 de
728 3312 831 3361 charles
846 3311 868 3378 le
881 3310 1025 3362 Temeraire
1037 3324 1069 3360 au
1083 3313 1179 3373 nagis-

136 3410 196 3454 trat
207 3400 313 3462 d’Ypres
327 3400 447 3450 touchant
459 3413 485 3449 sa
499 3413 638 3463 campague
649 3406 736 3448 contre
748 3398 785 3447 les
799 3398 922 3461 Lie'geois,
935 3411 965 3448 en
981 3399 1062 3458 1167.)

173 3489 212 3552 (6)
230 3486 265 3536 De
276 3485 358 3536 {neure
366 3499 416 3549 que
427 3487 483 3548 plus
493 3487 562 3546 baut,
570 3486 691 3536 Onusrius
701 3485 783 3535 donne
795 3485 828 3534 ici
839 3485 862 3534 ie
873 3491 943 3535 texte
954 3485 1118 3547 (incomptum,
1130 3490 1179 3533 tra·

133 3574 200 3627 duit
208 3586 241 3622 en
250 3573 320 3636 latin,
329 3579 355 3622 et
372 3573 443 3636 signe
456 3574 477 3624 J.
491 3573 562 3632 Gros,
574 3573 605 3628 de
618 3573 640 3622 ia
653 3580 774 3627 sentence
789 3572 931 3634 prononee'e
945 3576 1032 3620 contre
1046 3571 1069 3620 ie
1079 3584 1139 3633 pays
1149 3571 1179 3620 de

133 3661 216 3723 Liepe
228 3672 273 3721 par
282 3659 363 3708 ledae
372 3659 475 3709 Charias
487 3661 519 3710 de
529 3661 714 3726 uouipognepe
726 3661 756 3708 ta
769 3660 908 3709 novembre
922 3658 994 3708 1467.
1005 3658 1179 3709 Cedoeument

130 3750 217 3808 ayant
229 3732 371 3805 &galement
387 3743 428 3794 e'te
442 3744 527 3806 puotie
540 3757 584 3806 par
599 3746 631 3793 u.
647 3744 770 3805 cacano,
785 3744 848 3795 daus
860 3757 887 3794 sa
899 3743 1041 3793 Collectioo
1053 3743 1084 3792 do
1098 3744 1178 3796 docu-

136 3835 228 3883 menta
238 3830 341 3890 inedita,
353 3825 415 3891 eu,
429 3844 451 3893 p.
466 3831 524 3889 157,
542 3836 567 3879 et
581 3843 626 3892 par
639 3831 689 3880 moi
709 3821 771 3880 daos
788 3831 812 3880 te
827 3829 930 3880 Reeueit
943 3831 988 3878 des
999 3830 1179 3880 ordooooneca·

135 3919 177 3968 de
188 3917 213 3964 ta
222 3916 391 3980 principante
403 3916 434 3964 de
443 3914 528 3978 ¹In'apa,
549 3920 583 3964 1η
596 3914 669 3974 ae‘rie,
682 3928 706 3978 p.
718 3915 775 3979 615,
788 3915 816 3977 je
827 3928 868 3966 me
880 3914 983 3964 beraea
999 3916 1136 3964 transerire
1148 3916 1179 3964 de

135 4019 257 4058 noureau
272 4009 309 4056 tes
317 4007 465 4057 sourniaires
475 4007 519 4056 des
533 4006 643 4055 articles.
1087 3995 1088 3999 ’
