3088 4926
803 470 929 568 (θῖ)

353 628 418 670 rem
434 609 546 690 legatus
561 609 766 670 leodiensium
782 626 868 670 voces
883 609 935 670 has
950 629 1013 671 csse
1028 610 1209 692 intelligens,
1223 622 1327 676 vocato
1342 617 1382 676 ad

354 729 384 770 se
395 708 558 770 venerabili
569 728 640 770 sene
651 709 801 778 canonico,
814 717 939 786 patrono
950 709 1067 785 domus,-
1078 730 1146 772 cum
1156 714 1295 774 omnibus
1307 716 1382 790 suis,

354 809 507 871 mandavit
521 823 554 872 ut
568 813 592 872 si
607 811 658 888 qui
672 812 774 872 forsan
788 811 910 871 domum
925 809 1039 872 intrare
1053 819 1260 892 temptassent,
1280 817 1380 877 nullus

301 898 303 901 ’
354 911 514 972 obsisteret
531 921 583 972 aut
597 919 779 990 repugnaret
800 911 851 972 sed
872 910 966 972 libere
984 912 1100 990 ingredi
1117 915 1250 976 sinerent
1264 915 1381 995 sibique

356 1014 592 1086 renunctiarent,
603 1024 637 1073 ut
648 1012 678 1072 in
691 1015 766 1073 atrio
778 1012 883 1073 domus
895 1013 951 1072 illis
962 1031 1119 1074 occurrere
1130 1014 1251 1094 pacifice
1262 1028 1379 1095 posset;

356 1114 547 1190 accensisque
556 1112 619 1194 ejus
627 1112 713 1190 jussu
726 1112 896 1193 ingentibus
907 1113 978 1174 focis
990 1125 1019 1174 ct
1030 1113 1114 1190 tedis,
1122 1114 1199 1175 dienr
1211 1127 1263 1177 aut
1273 1135 1379 1178 eorum

357 1213 519 1274 adventum
543 1214 775 1293 prestolabatur:
790 1222 970 1295 supererant
991 1215 1070 1275 enim
1086 1213 1184 1274 adhuc
1195 1217 1290 1277 noctis
1305 1217 1381 1279 hore

356 1323 416 1373 tres
430 1324 481 1373 aut
492 1315 580 1392 paulo
592 1314 658 1393 plus
670 1314 717 1372 vel
729 1315 836 1373 minus.
848 1315 958 1374 Putans
969 1332 1040 1375 vero
1049 1314 1176 1375 invicem
1191 1326 1295 1395 gentes
1307 1335 1380 1379 oon-

355 1413 469 1493 lligere,
481 1413 517 1474 ad
530 1434 599 1476 suos
612 1433 782 1491 conversus,
794 1415 1000 1494 gemebundus
1011 1417 1177 1477 exclamans
1190 1418 1305 1496 legatus
1320 1422 1378 1480 ait:

355 1519 461 1596 «Heu,
475 1516 545 1591 heu,
556 1528 702 1596 quantum
717 1517 874 1579 hominum
889 1528 1016 1598 stragem
1027 1528 1057 1579 et
1067 1536 1187 1579 acervos
1201 1520 1381 1582 cadaverum

356 1640 372 1674 n
385 1618 436 1677 lux
448 1637 576 1696 sequens
587 1617 804 1679 manifestabit!
816 1640 834 1675 n
845 1618 991 1679 Sollicitus
1001 1626 1101 1678 autem
1113 1617 1225 1697 legatus
1236 1619 1379 1696 quidnam

356 1720 513 1798 episcopus
528 1729 638 1798 egeret,
660 1719 880 1780 renunctiatum
896 1729 940 1780 est
954 1718 1009 1779 sibi
1026 1737 1093 1779 cunr
1108 1720 1183 1780 clam
1195 1738 1262 1780 oum
1278 1722 1380 1800 paucis

355 1821 457 1900 fugant
469 1823 582 1900 cepisse
591 1821 884 1899 versusTrejectum:
893 1839 1006 1899 queres
1016 1821 1146 1900 legatum
1158 1821 1249 1900 magis
1256 1822 1379 1882 anxium

355 1923 466 1983 redidit
479 1924 530 2004 (tl,
543 1923 712 1983 omnimoda
724 1941 827 1983 rerum
842 1922 1048 2001 desperatione
1062 1922 1212 1996 turbatus;
1227 1923 1278 1982 sed
1291 1925 1379 2002 paulo

356 2037 422 2103 post
437 2026 594 2104 episeopus
606 2045 642 2085 ex
659 2025 723 2084 vico
738 2025 769 2084 in
783 2043 873 2103 quem
888 2025 1020 2084 exiverat
1030 2026 1073 2104 (ut
1088 2044 1179 2104 supra
1194 2024 1337 2104 diximus)
1348 2027 1378 2086 in

357 2125 479 2184 domum
494 2143 579 2184 suem
595 2125 723 2199 rediens,
738 2125 774 2187 ad
785 2126 913 2206 legatum
926 2125 1048 2186 militem
1060 2143 1205 2207 unomen
1216 2125 1277 2186 suis
1290 2125 1379 2200 misit,

357 2223 486 2285 nobilem
504 2224 625 2284 nomine
638 2225 782 2284 loannem
798 2224 959 2303 Ulergzano
972 2223 1024 2304 (ἓ),
1038 2242 1092 2303 per
1107 2243 1227 2286 murum
1248 2225 1377 2286 submis-

356 2345 432 2400 sum,
448 2327 498 2404 qui
515 2345 550 2386 ex
567 2336 651 2406 parte
669 2327 799 2406 episcopi
816 2337 845 2388 et
863 2329 1025 2387 multorum
1046 2327 1190 2387 nobilium
1206 2328 1257 2405 qui
1275 2347 1376 2389 seeum
1445 2320 1455 2326 ”

354 2436 439 2488 erant
455 2427 510 2487 sibi
526 2427 675 2487 referrent
689 2429 730 2507 (5)
746 2451 764 2486 e
778 2447 809 2488 se
823 2446 884 2487 non
900 2446 963 2488 esse
978 2436 1056 2488 tutos
1070 2429 1101 2488 iu
1116 2447 1148 2488 ea
1162 2428 1250 2489 domo
1269 2430 1300 2490 in
1319 2423 1377 2506 qua

354 2541 451 2604 erant,
470 2548 537 2588 cum
558 2547 618 2588 non
638 2528 811 2589 dubitarent
831 2527 1007 2589 Leodienses
1025 2529 1194 2589 existimare
1215 2530 1324 2590 multos
1346 2529 1377 2590 iu

353 2648 417 2690 eam
440 2630 562 2690 domum
585 2629 762 2708 Burguudos
787 2629 960 2690 convenisse
985 2628 1022 2688 ad
1044 2629 1226 2706 episcopum,
1251 2628 1378 2708 ideoque

356 2733 453 2810 primo
467 2731 547 2790 illam
562 2730 717 2790 invasuros
733 2736 889 2808 putareut;
900 2747 1004 2808 rogare
1015 2729 1189 2806 suppliciter
1198 2730 1327 2808 legatum
1345 2739 1378 2789 ut

354 2838 406 2891 aut
420 2831 483 2912 ipse
498 2830 535 2890 ad
550 2850 600 2892 eos
612 2832 715 2892 venire
731 2849 784 2908 pro
796 2849 899 2891 eorum
910 2830 1003 2890 salute
1019 2847 1079 2889 non
1094 2829 1315 2909 dedignaretur,
1326 2838 1379 2890 aut

351 2932 432 3011 ipsos
452 2931 490 2992 ad
511 2950 543 2991 sc
561 2933 663 2992 venire
683 2931 875 3010 permicteret
889 2949 896 2990 :
911 2930 1050 3008 quodque
1064 2949 1099 2989 ex
1114 2930 1160 2991 his
1174 2929 1291 2990 duobus
1305 2943 1375 2989 con-

352 3034 424 3094 siliis
443 3033 592 3094 salubrius
614 3033 768 3093 videretur
789 3050 843 3093 suo
861 3032 970 3111 juditio
993 3031 1196 3108 relinquentes
1211 3054 1239 3092 ».
1261 3031 1378 3104 Quibus

351 3137 464 3212 legatus
479 3134 535 3194 dici
552 3134 704 3195 mandavit
718 3156 735 3192 (t
751 3133 844 3194 tutius
863 3151 926 3194 esse
945 3145 978 3194 ut
994 3131 1031 3192 ad
1047 3151 1079 3194 se
1097 3133 1235 3193 venirent
1253 3130 1292 3191 ob
1311 3149 1376 3191 eam

353 3252 441 3312 quarn
457 3235 594 3296 dixerant
608 3253 739 3309 causam,
762 3234 814 3295 sed
835 3236 909 3295 clem
928 3245 958 3295 et
978 3235 1041 3294 sinc
1061 3252 1166 3313 magna
1185 3230 1377 3292 multitudine

353 3348 382 3396 et
393 3337 518 3416 strepitu
532 3355 586 3413 per
598 3353 718 3396 murum
733 3336 958 3410 descenderent,
973 3355 1011 3398 nc
1025 3336 1062 3396 ab
1076 3336 1139 3397 aliis
1153 3335 1377 3396 sentirentur»,

385 3689 421 3752 (1)
439 3687 488 3748 Sic,
501 3689 690 3750 pourreddidt't.

389 3776 426 3840 (ἓ)
442 3775 515 3826 Lisez
528 3773 678 3839 l'opelsenp.
687 3773 846 3825 G'etaitlean
856 3773 991 3824 d'Elterou
1000 3772 1109 3835 d'Autel,
1118 3771 1379 3836 seigneurdevossel-

351 3875 422 3926 sang.
433 3863 467 3913 Ce
480 3873 636 3925 personnage
647 3859 757 3923 reparaft
766 3860 823 3924 plus
834 3859 893 3909 loiu.

386 3947 421 4014 (5)
440 3949 510 3998 Lisez
522 3949 639 4012 referret.
