3126 4906
835 411 986 507 (158)

352 582 355 588 ·
397 571 593 632 personarum
609 553 726 614 delectu
741 552 842 613 habito
854 561 905 611 aut
916 570 983 610 euru
1000 551 1042 610 eis
1056 553 1262 611 conmunicoto
1277 569 1439 626 sermone,
1540 481 1544 656 *

1542 659 1544 686 l

398 655 535 733 protinus
550 653 753 714 interficerent
769 651 893 730 (l);'ipsi
909 663 1007 711 temen
1021 651 1144 710 comiter
1156 664 1184 711 et
1196 653 1232 728 (b)
1246 661 1386 729 poterant
1401 663 1437 712 et

396 755 455 814 leto
467 754 551 813 vultu
567 755 695 831 legatum
712 761 741 812 et
755 755 926 831 episcopum
942 770 1009 810 cum
1025 752 1085 811 suis
1100 751 1257 813 comitibus
1273 753 1304 810 in
1318 771 1434 813 eorum

396 856 512 934 tuguris
527 855 568 934 (5)
583 864 613 914 et
632 855 796 915 humilibus
817 855 890 913 casis
911 871 1077 931 suscepere,
1100 871 1230 932 paupere
1252 862 1282 913 et
1303 854 1436 914 militari

360 983 362 988 ·
395 973 496 1016 mensa
511 957 556 1036 (ut
574 937 631 1015 loci
650 965 679 1015 et
699 955 842 1034 temporis
860 954 986 1030 qualitas
1003 952 1138 1012 exibebat
1155 955 1204 1031 (ll)
1221 953 1265 1012 eis
1278 954 1434 1031 apposite,

388 1056 521 1116 diversis
531 1056 663 1116 cervisiis
673 1056 711 1115 ad
724 1066 827 1134 potum
840 1055 953 1126 oblatis,
966 1055 1136 1114 stramentis
1147 1073 1267 1131 quoque
1278 1073 1431 1116 novorum

394 1167 539 1237 segetum,
562 1159 605 1217 uti
628 1176 690 1217 mos
712 1157 806 1235 patrie
825 1164 871 1216 est
889 1174 948 1215 uon
968 1157 1116 1230 contritis,
1137 1163 1191 1234 pro
1209 1155 1298 1215 cubili
1317 1175 1430 1217 eorum

394 1259 555 1338 dispositis,
571 1258 692 1335 reliquis
708 1258 770 1318 lere
785 1258 924 1318 omnibus
938 1256 976 1316 ad
991 1275 1151 1317 numerum
1170 1256 1289 1335 triginta
1311 1259 1342 1317 in
1363 1269 1430 1318 ter-

394 1379 457 1420 ram
473 1359 647 1437 prostratis;
661 1360 731 1436 equi
749 1379 818 1418 vero
833 1378 947 1434 omues,
963 1371 1022 1419 tam
1037 1359 1123 1438 legati
1138 1378 1226 1436 quam
1242 1359 1372 1439 episcopi
1396 1371 1427 1419 et

393 1461 501 1521 civium
529 1460 734 1520 Leodiensium
760 1461 811 1536 qui
836 1479 904 1519 eum
930 1461 973 1520 eis
996 1471 1095 1533 erant,
1120 1478 1175 1537 per
1199 1460 1331 1521 diversos
1355 1461 1429 1522 ville

391 1561 585 1643 domunculas
601 1561 752 1621 distributi
766 1570 846 1620 sunt.
1238 1629 1244 1638 ἱ

433 1665 504 1722 Cum
530 1664 643 1748 legatus
665 1674 694 1723 et
715 1663 871 1740 episcopus
898 1659 978 1739 quod
1007 1679 1131 1739 parvum
1152 1661 1245 1720 noctis
1267 1660 1426 1722 residuum

390 1777 547 1845 supererat
568 1765 661 1841 quieti
683 1765 790 1824 dorent
810 1782 902 1842 super
917 1762 992 1822 duos
1006 1773 1139 1841 segetum
1158 1781 1279 1823 acervos
1294 1764 1425 1842 proximi

386 1867 528 1944 jacentes,
542 1866 682 1943 omnibus
698 1865 761 1924 aliis
775 1864 1005 1936 dormientibus,
1019 1865 1171 1943 ingressus
1183 1875 1227 1923 est
1240 1884 1308 1924 eum
1324 1866 1423 1925 locum

389 1972 516 2045 laquem
532 1987 623 2047 supra
640 1967 862 2026 nominavimus
880 1965 1088 2037 Montarcbier,
1103 1985 1139 2026 ex
1154 1969 1279 2046 Tungris
1295 1967 1332 2026 ab
1348 1969 1426 2046 epis·

388 2086 462 2146 copo
477 2069 514 2126 ad
529 2067 635 2127 ducem
649 2069 782 2138 missum,
799 2066 930 2154 episcopi
952 2065 1129 2125 familiarem
1143 2076 1173 2126 et
1187 2065 1256 2125 duci
1270 2079 1376 2127 notum
1393 2079 1425 2128 et

388 2167 582 2228 domesticum
597 2166 647 2249 (5),
662 2181 692 2228 ct
707 2168 757 2242 qui
774 2179 834 2226 tam
854 2167 1008 2226 humiliter
1021 2166 1057 2225 ad
1074 2176 1183 2228 terram
1205 2179 1371 2245 prostratus
1390 2170 1422 2230 iu

386 2270 511 2346 Tungris
528 2288 582 2346 pro
596 2288 649 2327 sua
665 2280 695 2328 et
709 2268 944 2346 burgundorum
957 2271 1051 2328 salute
1063 2270 1158 2346 legato
1170 2287 1301 2328 summas
1312 2271 1422 2349 gratias

387 2379 488 2446 egerat
499 2369 555 2444 (6);
567 2370 614 2428 bie
626 2387 693 2428 cum
707 2387 812 2446 magno
826 2369 944 2428 silentio
954 2370 1051 2427 locum
1063 2369 1214 2448 ingressus
1227 2383 1312 2442 esset,
1325 2371 1421 2448 legato

386 2470 566 2530 dormitante
582 2479 610 2528 et
626 2471 724 2546 ipsum
740 2469 870 2552 vidente,
883 2471 980 2528 excito
992 2471 1141 2549 episcopo,
1153 2470 1203 2529 diu
1216 2482 1245 2539 et
1259 2473 1344 2530 tacite
1356 2472 1421 2549 epi-

386 2572 467 2651 scopi
486 2572 551 2631 auri
571 2571 713 2630 inherens
730 2571 932 2647 conloquutus
947 2583 1000 2631 est.
1015 2572 1142 2630 Demum
1157 2571 1270 2645 abiens,
1285 2573 1420 2648 aliquan-

386 2673 435 2732 diu
456 2691 591 2747 mauens,
605 2691 672 2731 eum
688 2672 819 2732 secundo
840 2672 896 2731 boc
916 2671 994 2733 idem
1014 2673 1139 2747 lecisset,
1159 2673 1285 2733 miratus
1304 2674 1420 2752 legatus

385 2773 466 2851 quod
480 2792 547 2833 curu
561 2775 584 2834 is
596 2793 612 2832 a
625 2775 701 2832 duce
716 2773 833 2832 veniret
850 2773 890 2832 nil
908 2772 964 2832 sibi
979 2773 1120 2845 referret3
1136 2793 1169 2832 oo
1184 2793 1220 2832 ne
1235 2776 1334 2854 ipsum
1347 2773 1418 2834 dor-

385 2875 460 2934 mire
482 2886 614 2954 putaret,
637 2874 810 2953 episcopum
831 2875 970 2935 salutavit
988 2876 1086 2954 ipsum
1106 2875 1276 2954 interogans
1296 2895 1333 2935 an
1354 2876 1418 2937 dics

385 2987 476 3034 esset:
486 2992 546 3050 quo
558 2975 739 3035 resalutante
750 2988 781 3035 et
791 2976 992 3054 respondente
1005 2977 1147 3049 nondum,
1160 2977 1355 3038 nihilomiuus
1367 2979 1418 3039 ille

385 3075 501 3133 nullum
518 3075 613 3154 legato
628 3074 754 3134 verbum
773 3077 883 3136 iaciens
897 3077 986 3149 abiit;
1000 3096 1127 3155 cumque
1145 3078 1202 3138 boe
1221 3080 1310 3140 tertio
1329 3080 1417 3142 lecis-

386 3185 440 3249 set,
455 3193 580 3253 surgens
595 3194 611 3235 e
626 3185 718 3235 strato
740 3189 873 3254 segetum
895 3177 1008 3255 legatus
1029 3178 1066 3238 ad
1087 3180 1260 3259 episcopum
1282 3183 1418 3255 accessit,

1004 3370 1398 3383 ——---——-—

415 3485 452 3548 (l)
469 3484 539 3536 tiseu
549 3485 703 3552 interficere.

413 3574 450 3637 (2)
466 3572 539 3623 Lisez
553 3580 590 3624 ut.

413 3658 451 3723 (5)
469 3658 541 3709 Lisez
553 3659 673 3722 topatiis.

414 3745 451 3809 (d)
468 3744 542 3794 Lisez
554 3743 697 3796 exhibebat.

412 3831 449 3896 (5)
466 3831 551 3881 Lisez:
565 3830 684 3880 missus...
696 3832 866 3896 familiaria...
877 3836 979 3884 notua...
991 3834 1152 3886 domesticus.

412 3916 448 3979 (6)
464 3916 546 3980 Voyez
557 3917 693 3982 eidessus,
703 3931 767 3982 page
779 3919 818 3971 99.
