3088 4926
827 393 840 482 (
870 388 978 484 aas)

389 555 407 592 n
422 530 494 609 quid
508 530 638 592 decanus
652 549 736 590 meus
752 531 795 611 (l)
809 551 844 592 ex
861 543 945 609 parte
965 533 1094 595 Simonis
1114 539 1266 598 secretarii
1286 538 1370 598 ducis
1390 553 1419 600 ct

389 634 515 712 »ipsius
533 630 675 692 mandato
688 633 767 694 mihi
788 632 908 695 celerat.
924 634 1069 695 Putabam
1092 649 1173 698 cente
1194 638 1306 716 aliquid
1320 641 1418 719 magni

388 757 407 792 n
422 734 459 793 ad
474 733 552 812 pacis
566 730 707 792 effectum
719 743 749 793 et
759 733 929 794 evitandam
941 733 1065 795 humani
1076 737 1231 816 sanguinis
1243 739 1418 800 allusionem

389 857 407 892 >a
423 854 458 896 ox
474 844 557 913 paale
567 833 652 893 ducis
662 833 790 896 afferre:
802 832 854 894 sed
861 835 923 913 jam
938 834 1024 898 video
1035 838 1116 919 quod
1124 837 1304 916 jamdudum
1320 850 1419 901 mente

390 955 408 992 n
423 933 554 1012 concepi,
566 943 750 1011 etquantum
763 935 845 1012 potui
857 934 991 1014 effugere
1002 948 1127 998 conatus
1138 955 1214 1013 sum,
1227 959 1266 1000 ne
1276 938 1419 1016 viderem,

390 1057 408 1092 n
423 1039 574 1113 ingentem
588 1032 726 1093 videlicet
740 1032 896 1094 hominum
911 1046 1039 1116 stragem
1056 1045 1086 1096 et
1099 1037 1312 1118 desolationem
1328 1039 1419 1118 hujus

390 1158 408 1192 n
424 1138 532 1196 misere
547 1135 673 1196 civitatis
689 1135 865 1198 leodiensis.
882 1135 912 1197 Si
929 1137 1129 1215 permisissem
1148 1140 1227 1219 ipsos
1241 1161 1257 1200 a
1274 1142 1420 1222 principio

390 1257 408 1293 n
424 1247 453 1296 et
467 1236 631 1296 successive
653 1244 683 1295 et
704 1235 825 1296 domum
847 1236 877 1296 in
900 1238 1026 1318 Tungris
1048 1239 1150 1300 lucere
1172 1251 1204 1301 ut
1226 1253 1377 1320 ceperant,
1393 1254 1422 1302 e't

353 1319 356 1334 ’
390 1359 408 1394 n
423 1337 543 1398 consilia
554 1356 605 1397 sua
616 1336 801 1413 exequi,nou
813 1336 986 1397 incidissent
998 1338 1074 1399 forte
1086 1340 1116 1400 in
1128 1340 1181 1400 has
1192 1352 1341 1402 extremas
1349 1344 1422 1402 cala·

316 1515 318 1519 Ι
390 1461 408 1496 n
424 1440 540 1500 mitatcs
560 1438 617 1498 sub
635 1457 720 1508 vana,
735 1438 872 1498 simulata
888 1448 917 1498 et
931 1439 1056 1500 conficta
1073 1440 1153 1520 pacis
1168 1460 1229 1521 spe.
1246 1443 1304 1503 Sed
1318 1445 1419 1505 Domi-

387 1561 407 1597 a
423 1559 490 1612 nus,
505 1537 648 1599 fortitudo
664 1557 740 1610 mea,
754 1538 906 1619 refugium
923 1558 1023 1600 meum
1038 1551 1068 1602 et
1082 1541 1226 1603 liberator
1241 1562 1335 1618 meus,
1350 1564 1419 1624 pro-

390 1666 408 1701 »
423 1654 517 1704 tectos
527 1641 629 1702 salutis
642 1641 746 1702 christi
758 1643 798 1719 (ἓ)
810 1642 856 1701 sui
869 1642 966 1702 enitet
979 1644 1125 1704 retribuat
1140 1644 1302 1724 unicuique
1317 1665 1420 1707 secun·

390 1766 407 1802 n
422 1744 494 1804 dum
509 1761 599 1822 opera
615 1744 686 1802 sual
703 1763 720 1800 n
738 1743 787 1803 llis
801 1743 922 1814 auditis,
942 1745 1098 1823 episeopus
1114 1765 1174 1805 non
1191 1764 1297 1824 panum
1313 1747 1420 1824 etipse

390 1844 527 1910 turbatus
541 1851 596 1914 est,
610 1862 746 1904 asserens
761 1864 780 1901 <‹
796 1861 828 1903 se
843 1862 878 1903 ea
894 1843 1057 1904 amicorum
1072 1844 1180 1906 litteris
1194 1846 1352 1907 certiorem
1365 1847 1421 1907 fao·

390 1955 454 2005 tum
476 1945 553 2005 hanc
571 1963 635 2004 csse
656 1946 791 2004 omnium
813 1945 865 2021 qui
886 1944 966 2022 apud
987 1945 1095 2007 ducem
1114 1957 1199 2008 erant
1219 1948 1338 2008 iinmam
1353 1968 1421 2008 sen·

391 2047 523 2114 tentiam,
539 2046 617 2124 ipsos
632 2045 707 2105 duos
722 2039 840 2104 oausam
856 2044 1023 2105 atmodum
1039 2046 1155 2108 dedisse
1175 2058 1208 2108 ut
1226 2049 1274 2108 ille
1293 2049 1421 2109 insultus

389 2147 514 2226 Tungris
538 2165 555 2205 a
580 2145 793 2206 leodiensibus
819 2144 905 2208 fieret
927 2167 954 2209 n.
977 2148 1073 2221 Quam
1100 2148 1139 2210 ob
1164 2167 1229 2210 rem
1253 2150 1367 2231 legatus
1391 2159 1420 2210 et

389 2247 546 2325 episcopus
562 2256 620 2307 tota
636 2254 723 2306 nocte
742 2245 858 2307 solliciti
874 2247 964 2306 simul
980 2249 1131 2326 agitabant
1151 2249 1302 2325 quodnam
1324 2250 1420 2311 consi-

390 2349 462 2408 lium
488 2357 643 2427 caperent3
669 2347 812 2424 utrinque
837 2348 918 2408 enim
944 2349 1057 2427 grande
1083 2350 1226 2410 inlinebat
1253 2352 1418 2431 periculum

390 2450 470 2510 intus
485 2464 515 2511 et
529 2462 622 2525 extra,
637 2450 725 2510 simul
741 2449 870 2510 lucentis
891 2451 994 2528 populi
1015 2451 1061 2510 vel
1083 2452 1315 2530 Burgundonum
1336 2470 1421 2514 exer·

376 2553 479 2628 citus,
499 2553 550 2630 qui
573 2561 664 2612 totam
685 2550 834 2612 civitatem
854 2549 1097 2624 circumsidebat3
1114 2552 1256 2612 continue
1271 2553 1353 2613 enim
1368 2571 1420 2633 pei·

390 2664 481 2715 totam
506 2664 623 2713 noctem
648 2652 795 2712 maximus
816 2651 847 2711 in
873 2651 993 2713 civitate
1017 2652 1164 2712 tumultus
1185 2652 1222 2712 ad
1244 2651 1370 2728 bellum,
1392 2664 1421 2712 et

390 2755 497 2815 ardens
518 2765 621 2814 contra
645 2751 820 2833 Burgundos
842 2752 986 2832 irrupti03
1008 2753 1079 2812 satis
1100 2762 1216 2814 constat
1234 2752 1276 2834 (ὅ)
1294 2753 1422 2830 aprima

391 2858 483 2919 noetis
494 2856 593 2935 vigilia
605 2873 697 2932 usque
713 2855 801 2933 paulo
816 2853 1026 2933 postmodium
1042 2861 1171 2927 noctem,
1186 2862 1252 2916 octo
1267 2853 1348 2914 milia
1364 2854 1423 2915 loa·

391 2959 464 3018 tium
481 2965 682 3036 pugnatorum
697 2973 732 3014 ex
748 2954 874 3014 divensis
888 2954 960 3015 locis
976 2962 1079 3014 conica
1090 2954 1267 3036 Burgundos
1279 2972 1295 3015 e
1305 2955 1423 3014 civitate

390 3058 573 3139 prorupisse.
586 3057 652 3130 Quo
667 3055 781 3135 ingenti
797 3055 926 3116 clamore
941 3055 1101 3127 intellecto,
1115 3063 1146 3116 ct
1159 3063 1337 3134 consumpta
1353 3056 1424 3134 vigi·

390 3161 437 3220 liis
451 3158 568 3219 residua
584 3158 678 3218 noctis
694 3166 787 3236 panto,
809 3156 890 3218 stetit
908 3157 1054 3219 sententia
1077 3159 1165 3236 legati
1188 3163 1217 3218 e't
1238 3158 1369 3236 episcopi
1391 3165 1424 3216 ot

390 3261 481 3321 linem
496 3271 524 3319 et
538 3260 652 3320 exitum
667 3258 758 3336 hujus
774 3257 843 3318 belli
859 3265 1060 3336 expectarent.

430 3363 530 3422 Primo
552 3360 621 3420 belli
645 3361 759 3438 impetu
784 3368 972 3436 compertum
992 3369 1037 3419 est
1057 3358 1168 3417 mullos
1192 3376 1229 3417 ex
1254 3355 1424 3434 Burgundio

390 3464 510 3537 occisos,
529 3461 659 3538 reliquos
681 3459 716 3518 ad
739 3460 877 3538 proxima
894 3460 954 3518 loca
970 3477 1002 3518 se
1024 3457 1193 3532 seduxisse3
1210 3467 1241 3516 et
1255 3459 1372 3536 primus
1386 3455 1423 3517 ud

391 3639 668 3650 ....-—-----

424 3723 458 3811 (lt
476 3747 577 3800 Scilicet
588 3748 721 3799 Iohannes
733 3749 855 3812 Altesast.

422 3834 460 3898 (2)
476 3835 511 3886 lle
526 3848 570 3886 son
584 3833 668 3899 pretia
679 3834 815 3898 (chrislus,
827 3833 899 3898 olnt).

424 3921 461 3987 (ὅ)
477 3923 552 3973 Liscz
562 3921 705 3974 constabat.
