3088 4926
805 430 817 522 (
849 425 960 525 tlt)

366 567 485 634 civitate
498 565 681 645 gementium
703 565 836 626 virorum
860 577 889 627 ct
909 567 1071 626 mulierum
1093 578 1196 628 contra
1218 570 1349 648 legatum
1371 582 1399 632 ct

368 669 540 747 episcopum
561 669 683 740 clamor,
702 677 732 728 et
757 685 817 726 nou
839 668 937 728 minor
963 669 1091 748 presidia
1118 671 1333 748 postulantium
1353 671 1400 732 vix

370 770 540 848 putantium
553 786 585 828 se
601 768 631 827 in
644 767 763 838 civitate
781 778 868 829 tutos.

410 871 588 931 Adolescens
599 869 721 946 quidam
733 869 871 929 loricatus
882 869 919 928 ud
934 869 1064 949 legatum
1079 880 1108 931 et
1123 872 1298 950 episcopum
1312 873 1400 934 simul

370 981 481 1030 stantes
496 989 533 1030 ex
549 969 643 1049 prelio
658 987 828 1045 accurrens,
842 971 946 1046 sagitte
960 970 1087 1054 saucius,
1102 989 1170 1030 eum
1185 971 1403 1049 interogaretur

370 1074 408 1134 ab
420 1073 462 1133 cis
473 1091 603 1149 quonam
617 1084 701 1150 pacto
713 1091 762 1132 res
773 1073 993 1144 successissent,
1004 1074 1178 1132 exclamavit
1188 1074 1290 1153 gallice
1303 1095 1311 1135 :
1329 1079 1403 1136 Tout

371 1171 509 1252 furando!
523 1172 626 1247 idest,
642 1191 746 1232 omues
760 1182 831 1232 suut
851 1171 978 1250 perditi;
994 1172 1208 1250 subjunxitque
1229 1176 1404 1254 Burguudos

369 1274 431 1352 jum
446 1273 582 1351 impostis
597 1273 638 1351 (t)
653 1291 718 1332 esse
732 1283 762 1331 et
776 1273 888 1351 scripto
910 1272 1042 1351 agmine,
1064 1272 1148 1333 nullo
1170 1274 1212 1333 eis
1234 1274 1405 1351 obsistente,

373 1376 523 1436 civitatem
543 1374 670 1454 ingredi,
692 1374 805 1434 nemini
834 1374 1001 1452 parcituros
1023 1376 1117 1444 sexui,
1139 1375 1238 1436 ordini
1254 1378 1300 1436 vel
1319 1380 1405 1438 etati:

371 1476 432 1554 jum
458 1494 551 1556 prope
577 1475 676 1536 forum
698 1493 761 1534 esse
786 1475 1015 1536 nuntiabantur.
1037 1476 1110 1535 Cum
1133 1474 1173 1556 (2)
1194 1479 1351 1556 episcopus
1370 1478 1406 1538 ad

376 1579 505 1656 legatum
516 1596 550 1636 :u
559 1577 707 1650 Quidnam
720 1575 853 1636 fiendum
867 1595 979 1650 censes,
994 1585 1088 1655 pater,
1101 1578 1210 1656 inquit;
1221 1592 1258 1637 an
1272 1587 1315 1653 ut,
1326 1581 1408 1657 equis

335 1726 337 1730 ,
376 1701 393 1736 n
410 1679 549 1753 ascensis,
570 1695 623 1738 nos
642 1676 701 1739 duc
717 1676 759 1738 eis
773 1696 966 1737 occurremus
988 1680 1068 1756 ipsos
1083 1697 1098 1736 u
1114 1677 1185 1736 cede
1200 1680 1407 1756 reprimentes,

376 1803 393 1837 n
410 1781 455 1840 rel
471 1781 569 1858 potius
591 1777 671 1839 domi
688 1776 893 1838 manebimus?
905 1799 922 1834 n
936 1776 988 1836 Cui
1006 1777 1120 1857 legatus
1134 1796 1169 1836 :u
1186 1778 1215 1837 Si
1232 1788 1331 1839 tutum
1346 1781 1408 1841 iore

376 1905 394 1939 n
411 1881 560 1941 existimus
576 1887 610 1940 ut
624 1899 678 1939 uos
696 1879 849 1939 inhermes
864 1878 996 1952 armatis,
1014 1878 1086 1938 cede
1106 1878 1287 1956 furentibus,
1306 1900 1407 1940 occur·

376 2003 394 2037 n
411 1999 522 2054 narnus,
543 1989 573 2039 et
591 1979 647 2059 ipsi
670 1979 731 2039 sola
751 1980 846 2039 nostri
867 1979 1017 2056 presentie
1038 1978 1126 2038 mites
1148 1977 1232 2052 fiant,
1253 1998 1356 2041 eamus
1380 1983 1408 2040 in

377 2104 395 2138 n
411 2099 483 2158 paee
503 2089 532 2140 et
551 2080 698 2139 Dominus
716 2079 872 2139 nobiscum
888 2078 941 2138 sit!
954 2099 971 2134 n
987 2081 1071 2138 Tunc
1084 2078 1241 2159 episcopus
1256 2081 1408 2160 paululum

378 2180 543 2239 subsistens
567 2179 686 2255 inquit:
705 2201 723 2236 u
746 2179 776 2238 Si
802 2187 903 2238 certus
932 2196 1027 2238 essem
1053 2179 1133 2256 quod
1156 2179 1244 2239 duces
1265 2181 1409 2242 exercitus

379 2303 396 2338 n
413 2279 509 2358 primo
528 2277 708 2339 haberemus
722 2278 837 2354 obvios,
853 2297 1006 2339 censerem
1022 2279 1126 2356 utiquc
1142 2281 1235 2341 tutius
1247 2281 1290 2341 cis
1307 2300 1409 2342 occur-

378 2399 493 2453 »rere3
523 2380 575 2440 sed
603 2397 683 2452 curn,
716 2379 745 2438 in
775 2378 944 2440 civitatibus
973 2379 1020 2440 vel
1048 2379 1166 2460 oppidis
1194 2382 1409 2461 expugnandis,

380 2505 397 2539 n
412 2481 486 2543 ordo
501 2481 675 2542 bellantium
694 2481 732 2542 sit
746 2481 904 2541 inferiores
919 2482 1096 2560 premiotcre
1117 2481 1168 2559 qui
1183 2483 1282 2562 primo
1297 2486 1409 2563 impetu

380 2583 529 2642 »nullum
564 2582 733 2660 prospicere
766 2582 879 2655 solent,
914 2581 1024 2641 suadeo
1060 2591 1093 2640 nt
1127 2601 1263 2661 maguam
1303 2585 1409 2644 turrim

380 2706 397 2742 n
412 2684 531 2743 ecclesie
547 2683 624 2743 beuti
643 2683 792 2744 lamberti
808 2701 875 2742 rum
895 2684 1005 2743 nostris
1023 2683 1124 2763 paucis
1137 2683 1342 2762 ascendemus,
1359 2705 1411 2765 per

380 2811 397 2845 »
413 2797 530 2848 noctem
545 2785 586 2845 ibi
602 2786 749 2860 mansuri,
764 2785 859 2846 donec
874 2804 942 2844 cum
961 2785 1060 2861 aliquo
1071 2804 1107 2845 ex
1123 2784 1249 2846 ducibus
1264 2789 1410 2848 exercitus

381 2911 398 2945 n
413 2889 540 2948 crastina
555 2887 603 2946 die
616 2887 764 2966 possimus
776 2885 887 2945 hebere
902 2887 1133 2963 conloquium».
1147 2887 1252 2947 Eadem
1264 2889 1411 2949 sententia

380 2999 445 3049 erat
458 2988 609 3048 seniorum
623 2987 744 3046 ecclesie
755 2986 807 3062 qui
823 3006 892 3046 cum
904 2988 998 3064 legato
1010 2997 1040 3046 et
1051 2986 1190 3066 episcopo
1206 3000 1303 3060 erant;
1321 3008 1412 3068 quare

381 3090 547 3150 convocatis
565 3090 626 3149 suis
641 3100 670 3148 ct
685 3088 812 3167 sumptis
831 3087 960 3148 duorum
979 3087 1095 3149 dicrum
1111 3089 1229 3150 cibariis
1244 3099 1274 3150 et
1286 3091 1412 3169 quibus-

381 3191 449 3250 dam
464 3190 594 3268 episcopi
606 3190 721 3249 vexillis
734 3189 843 3262 liliatis,
863 3189 976 3268 legatus
987 3199 1016 3250 et
1032 3191 1188 3269 episcopus
1203 3210 1271 3250 cum
1286 3191 1412 3254 seniori·

382 3292 437 3352 bus
452 3292 573 3351 ecclesie
587 3299 618 3351 ct
632 3289 695 3349 lere
710 3290 929 3368 quatringeutis
945 3289 1027 3364 viris,
1041 3287 1156 3349 clericis
1167 3299 1197 3350 et
1208 3290 1297 3365 laicis,
1310 3290 1412 3350 inber·
1518 3325 1521 3330 ·

381 3392 480 3452 mibus
504 3401 535 3451 et
555 3389 726 3465 inbellibus,
755 3390 898 3468 majorem
924 3389 1045 3452 ecclesie
1069 3391 1177 3450 turrim
1203 3390 1433 3464 ascenderunt*

381 3504 569 3552 transeuntes
581 3492 664 3568 juxta
680 3509 789 3569 corpus
812 3489 891 3549 beuti
913 3488 1073 3562 lamberti,
1097 3507 1196 3549 coram
1218 3508 1279 3568 quo
1300 3490 1413 3570 legatus

382 3602 411 3654 et
427 3594 582 3673 episcopus
595 3611 663 3653 cum
680 3592 819 3652 universo
833 3591 885 3670 qui
900 3591 930 3650 in
949 3591 1070 3651 eeclesia
1086 3600 1150 3650 erat
1168 3591 1278 3670 populo
1300 3590 1413 3652 diutius

417 3855 453 3918 (tt
471 3854 520 3914 Sic,
532 3868 595 3918 pour
607 3856 636 3905 in
646 3857 739 3918 portic.
747 3881 780 3891 -
792 3853 830 3903 Au
843 3853 895 3904 lieu
906 3852 937 3903 de
948 3852 1055 3915 scripto,
1066 3850 1127 3902 lisez
1138 3857 1246 3904 structo.

417 3939 453 4003 (tt
473 3942 543 3992 tisez
556 3939 627 3991 Tum.
