3088 4926
834 462 960 559 (82)

131 613 297 680 vonittagatus
314 611 378 678 Τοῦ·
429 605 525 668 Medio
559 605 666 666 itinere
697 607 777 666 inter
799 603 941 664 leodium
976 613 1004 662 et
1032 603 1157 681 Tongris
1187 603 1328 682 apparuit
1358 605 1412 665 alia
1506 622 1509 635 ²

158 683 219 790 {hh
231 669 260 716 ad
285 681 379 730 epsco-
389 704 496 768 eohors
514 705 645 785 episcopi
666 705 783 765 obviarn
805 703 928 763 veniens
942 709 1116 781 susceptura
1130 703 1272 782 legatum,
1288 701 1325 762 ad
1339 722 1413 782 quos

388 807 500 886 legatus
521 806 596 867 dnos
616 825 651 868 ex
673 807 735 868 suis
755 804 944 884 premictens,
965 805 1041 866 ultra
1062 804 1173 864 vallum
1188 804 1228 864 eis
1244 804 1414 882 proximum

387 916 544 988 expectare
558 907 718 983 mandavit,
738 907 913 984 cohortique
928 906 1134 969 leodiensium
1149 925 1187 966 ne
1201 907 1327 968 ulterius
1345 926 1414 986 pro·
1514 981 1515 984 Ἴ

388 1010 507 1068 cederet
520 1007 637 1081 indixit,
658 1026 696 1067 ne
717 1008 794 1068 forte
808 1007 935 1068 invicem
950 1005 1163 1084 confligerent3
1176 1006 1286 1084 quihus
1301 1025 1337 1067 eo
1351 1008 1414 1068 loco
1514 1007 1515 1046 3

388 1109 508 1184 relictis,
522 1109 635 1187 legatus
650 1127 717 1169 curn
733 1109 794 1168 suis
808 1106 961 1181 recedens,
971 1106 1103 1184 jocunde
1119 1127 1134 1166 a
1149 1107 1271 1167 cohorte
1282 1107 1414 1187 episcopi

388 1209 612 1289 subscoptnsfl)
623 1221 676 1270 est.
690 1213 757 1270 Erat
769 1229 847 1270 unus
858 1228 894 1268 ex
904 1207 1022 1268 duobus
1034 1208 1245 1270 leodiensibus
1256 1210 1415 1288 capitaneis
1515 1234 1516 1237 ¹

389 1309 536 1372 Gosuinus
548 1309 584 1370 de
596 1310 877 1388 Stralem(i)‚armis
888 1319 1029 1369 strenuus
1041 1319 1070 1370 et
1083 1327 1222 1371 sermone
1234 1309 1415 1386 fecetur,qui

391 1411 520 1488 legatum
540 1428 609 1470 curn
630 1409 713 1470 sotiis
727 1409 768 1490 (5)
783 1408 865 1470 chire
887 1410 1082 1488 conspiciens,
1102 1408 1233 1488 jocunde
1252 1413 1294 1470 ait
1312 1411 1414 1490 gallice
1514 1455 1515 1460 1

392 1533 409 1568 «
431 1529 462 1570 sc
479 1529 631 1588 nunquam
651 1529 771 1590 sperare
790 1512 919 1590 legatum
938 1510 1039 1570 videre
1059 1510 1186 1588 amplius
1208 1511 1244 1570 ad
1266 1510 1413 1571 civitatem
1514 1561 1515 1564 ,

393 1608 582 1671 redditurum
603 1608 657 1691 (l),
678 1611 703 1670 si
725 1630 758 1670 re
779 1611 887 1672 inlecta
908 1629 943 1670 ex
965 1610 1090 1688 'longiis
1111 1609 1263 1670 discedot:
1287 1608 1368 1686 quod
1390 1610 1414 1668 si

394 1711 506 1785 lecerit,
521 1731 675 1790 nunquam
695 1713 822 1789 amplius
836 1712 866 1774 in
884 1710 1050 1772 sacerdotes
1065 1729 1097 1770 se
1112 1710 1202 1770 fidem
1216 1711 1371 1772 habituros
1387 1733 1414 1770 r.

392 1811 435 1872 td
450 1811 505 1874 hec
519 1814 646 1892 legatus,
661 1814 825 1890 interpetre
848 1811 890 1893 (5)
907 1813 1038 1892 generali
1055 1811 1111 1892 (6),
1130 1811 1266 1872 retulit«
1285 1822 1318 1874 ut
1337 1811 1415 1872 bono
1514 1837 1515 1844 ¹

391 1914 491 1976 animo
516 1923 629 1984 essent;
654 1933 686 1974 se
713 1914 839 1974 tirmiter
864 1931 985 1992 sperare
1011 1912 1151 1974 Leodiunr
1179 1931 1247 1975 cunt
1276 1912 1414 1992 episcopo

391 2014 559 2076 rediturum
575 2036 602 2075 a.
619 2016 796 2092 Progressus
810 2013 901 2095 igitur
915 2033 983 2075 curn
998 2014 1130 2093 episcopi
1155 2013 1278 2076 cohorte
1293 2014 1413 2094 legatus,
1514 2077 1515 2080 ,

390 2114 694 2175 cireasolisoccasum
705 2115 1413 2194 Tongrisapplicuit,intercanonicorumdomos
1514 2133 1515 2196 j

385 2215 471 2292 juxta
483 2213 682 2274 habitaculum
698 2216 838 2296 episcopi,
851 2215 960 2293 pariete
972 2215 1078 2289 medio,
1091 2215 1146 2276 sibi
1160 2215 1250 2276 donro
1265 2215 1414 2294 disposita.

390 2315 577 2392 Ingressique
604 2316 692 2376 simul
720 2317 834 2395 legatus
862 2326 892 2377 et
916 2316 1072 2395 episcopus
1098 2317 1128 2377 in
1154 2317 1306 2378 secretiori
1332 2328 1413 2395 porte

390 2415 510 2490 domus,
527 2415 641 2476 litteras
658 2415 741 2476 ducis
759 2416 814 2478 sihi
835 2417 960 2478 directas
980 2416 1076 2496 legato
1096 2417 1252 2496 opiscopus
1274 2416 1413 2491 ostendit,

130 2519 231 2588 nrttcuta
247 2518 375 2588 npereau-
389 2515 492 2594 gallice
513 2515 652 2595 scriptas,
674 2517 704 2576 in
726 2516 834 2594 quihus
857 2527 924 2595 post
946 2516 1038 2576 multa
1063 2517 1118 2580 hcc
1143 2517 1233 2576 verba
1257 2516 1288 2576 in
1307 2516 1413 2578 effectu

156 2577 376 2639 erraneprscopum.
390 2615 642 2676 continebantur:
658 2639 675 2675 n
692 2617 895 2678 lntelleximus
912 2627 940 2678 te
954 2617 1102 2678 civitatem
1118 2626 1198 2677 tuam
1222 2617 1412 2678 leodiensem
1514 2625 1515 2628 ’

390 2723 408 2774 ‘a
431 2715 528 2776 medio
550 2718 637 2795 legati
657 2719 721 2778 sine
743 2719 772 2777 vi
794 2728 824 2779 et
842 2718 932 2778 armis
951 2737 1150 2798 recuperasse,
1167 2737 1329 2796 paceinque
1346 2737 1413 2778 cum

390 2838 407 2873 a
430 2818 488 2878 tuis
503 2818 613 2878 habere
628 2818 789 2897 subjectis:
803 2819 883 2898 qnod
895 2820 981 2881 nohis
992 2821 1061 2880 satis
1076 2821 1184 2898 placct;
1199 2820 1252 2879 sed
1263 2819 1286 2878 si
1302 2817 1412 2896 aliquid
1514 2827 1515 2830 ’

390 2939 408 2972 »
430 2920 476 2978 vel
493 2919 651 2978 minimum
666 2919 703 2979 de
718 2918 820 2979 federe
835 2938 901 2979 mco
916 2927 946 2979 et
959 2920 1023 2998 lege
1037 2920 1078 2979 eis
1094 2938 1148 2997 per
1169 2936 1216 2978 me
1234 2916 1301 2979 data
1321 2919 1414 2980 inire-

391 3040 407 3074 »
428 3020 507 3097 geris
522 3030 573 3078 aut
588 3020 756 3094 violaveris,
776 3021 849 3081 scies
866 3021 938 3081 mihi
954 3039 1014 3082 non
1029 3021 1155 3098 placere,
1169 3031 1198 3079 et
1213 3019 1367 3080 ostendam
1384 3029 1412 3080 te

390 3140 408 3174 a
430 3137 489 3177 non
502 3118 578 3178 hene
589 3119 831 3180 fecisse».Hecin
840 3121 946 3182 litteris
957 3120 1301 3194 continebantur3vcrbo
1312 3127 1411 3180 autem
1514 3133 1515 3140 ’

421 3443 458 3508 (l)
475 3442 547 3492 hisee
558 3449 703 3506 susceptos.

423 3527 458 3592 (2)
477 3527 549 3578 Lisez
561 3526 689 3582 Strelea.¹

421 3613 457 3675 (ὅ)
474 3612 526 3672 Sic,
538 3625 601 3674 pour
612 3612 713 3662 sociis..
803 3640 804 3643 =

423 3697 459 3761 (l)
476 3697 549 3747 hisee
561 3698 717 3749 rediturum.

422 3784 458 3846 (5)
473 3783 521 3836 Sic.
536 3784 654 3834 t’auteur
664 3791 732 3836 resta
743 3784 816 3835 fidele
833 3785 926 3836 teetta
940 3784 1030 3850 forme,
1043 3793 1069 3837 et
1081 3785 1145 3838 ecrit
1157 3787 1283 3852 intorpae,
1295 3788 1414 3853 intepe-

390 3876 467 3935 trom,
479 3870 712 3935 incorporeitate

423 3953 460 4017 (6)
476 3955 509 4004 Le
519 3953 621 4017 general
636 3955 681 4006 des
693 3956 802 4006 carmes.
816 3953 866 4006 Cir.
877 3968 940 4020 page
950 3958 991 4006 ὅθ.
1014 3985 1015 3988 =
