3088 4926
580 418 731 516 (tot)

133 577 225 636 super
245 558 300 618 hac
323 577 355 618 rc
376 577 485 639 anceps
506 569 536 619 et
557 559 676 630 dubius,
691 558 785 637 legato
800 558 955 636 respondit
971 581 989 615 u
1005 577 1037 619 se
1054 561 1160 620 melius

133 678 219 720 nosse
238 659 422 721 conditiones
443 661 610 722 amborum*
621 661 791 740 principum
805 680 812 718 ε
828 662 852 719 si
868 659 929 719 dux
944 659 999 720 hee
1014 663 1159 737 rescisset,

132 761 279 823 acriorad
295 759 404 822 bellum
427 774 457 822 ct
479 765 573 842 patrie
595 763 788 823 vastationem
805 763 988 839 insurgerem
1011 763 1084 822 etsi
1107 781 1160 822 rex

132 861 209 921 sorte
224 861 287 921 aliis
302 863 463 940 impeditus
484 865 587 924 venire
601 864 766 934 desisteret,
786 881 817 922 se
837 862 867 921 in
884 862 1012 921 maximo
1029 863 1160 939 periculo

132 963 306 1023 constitutos
323 985 350 1021 n.
366 963 548 1023 Instantibus
563 971 661 1024 autem
680 965 852 1040 importune
872 961 985 1022 civibus
1007 963 1064 1022 illis
1086 965 1159 1023 leo-

131 1064 284 1124 diensibus
293 1065 374 1144 apud
386 1065 523 1142 legatum,
532 1065 643 1124 iteratis
655 1065 764 1124 lictoris
773 1074 802 1123 et
810 1064 953 1142 numptiis
962 1064 1040 1141 regis
1052 1064 1158 1136 vexati,

76 1152 78 1156 Α
133 1175 164 1225 ut
176 1164 289 1224 litteras
300 1165 495 1225 invocatorias
506 1167 619 1243 legatus
631 1164 762 1225 traderet
774 1183 781 1223 τ
792 1164 856 1243 ipse
871 1183 951 1236 vero,
967 1164 1159 1224 considerans

131 1266 263 1346 episcopi
273 1265 416 1342 juditium
432 1274 462 1324 et
475 1284 667 1345 responsum,
689 1283 722 1324 ac
743 1265 832 1325 otiam
854 1285 892 1325 no
913 1284 948 1325 ex
971 1267 1032 1325 suis
1053 1266 1158 1326 litteris

131 1368 227 1427 acrius
249 1366 359 1426 bellum
382 1377 411 1426 et
432 1367 559 1445 majores
580 1376 778 1445 sequerentur
793 1378 915 1445 strages,
932 1378 1002 1426 tunc
1018 1368 1115 1428 lacere
1129 1368 1158 1426 id

131 1468 259 1536 distulit,
281 1469 465 1546 respondens
488 1469 544 1528 illis
560 1491 577 1526 «
593 1487 623 1527 se
638 1487 758 1546 sperare
774 1487 854 1527 nune
869 1487 928 1528 non
946 1468 1009 1528 lore
1024 1488 1158 1528 neeessa-

91 1597 92 1600 ¹
131 1593 149 1631 n
171 1571 253 1630 rium
268 1570 319 1629 has
335 1569 405 1630 darc
419 1570 542 1649 litteras,
558 1571 697 1647 quoniam
713 1570 736 1629 si
752 1569 863 1629 bellum
875 1570 1010 1630 luturum
1026 1572 1064 1630 sit
1078 1571 1158 1630 inter
1171 1591 1300 1651 Responsio
1308 1590 1377 1651 legati
1387 1590 1416 1637 ad

131 1693 149 1727 n
171 1688 272 1749 regem
287 1681 317 1729 et
330 1671 446 1740 ducem,
458 1688 604 1746 nusquam
617 1678 660 1730 est
673 1669 755 1729 vobis
766 1689 782 1728 a
795 1669 868 1728 dttce
884 1670 1064 1744 timendum;
1080 1670 1157 1730 litte·
1199 1650 1290 1769 ssssssssf‘
1299 1649 1415 1709 numptius

130 1793 148 1828 n
172 1790 263 1848 reque
288 1771 351 1830 dari
376 1789 496 1849 semper
520 1781 661 1848 poterunt
682 1771 705 1830 si
724 1770 813 1847 justis
835 1771 915 1849 pacis
936 1770 1157 1831 conditionibus

130 1895 149 1930 n
170 1873 231 1933 dux
251 1891 310 1932 non
329 1873 493 1949 acquiescat
507 1885 536 1932 et
552 1872 661 1930 bellum
677 1872 760 1932 robis
775 1871 886 1930 inferre
906 1871 1061 1950 disponat3
1076 1873 1158 1948 quod

130 1996 149 2030 n
171 1975 195 2033 si
212 1993 277 2050 pax,
294 1983 324 2032 ut
341 1973 416 2032 lama
433 1984 491 2046 est,
506 1974 647 2032 intereos
663 1981 814 2049 sequatur,
829 1991 931 2030 cetram
952 1965 1040 2031 etiam
1063 1973 1159 2032 conii-
1220 2049 1223 2057 y

130 2096 148 2131 n
170 2073 274 2134 ciendo
289 2075 369 2151 pacis
384 2083 482 2133 vestre
497 2093 548 2132 rex
565 2072 666 2151 procul
682 2072 773 2135 dubio
788 2084 897 2146 sumet,
914 2072 1047 2149 mihique
1062 2073 1158 2134 bonus

130 2196 149 2231 n
171 2175 325 2250 coadjutor
346 2175 386 2252 (lt
409 2174 465 2234 erit
487 2173 523 2234 ad
545 2193 610 2232 eam
633 2173 852 2253 perimendam,
875 2184 903 2232 et
926 2175 1014 2232 inane
1036 2185 1114 2234 esset
1129 2187 1159 2234 ct

130 2297 150 2331 n
171 2274 331 2334 ridiculum
353 2277 405 2336 has
428 2275 539 2334 litteras
557 2275 597 2334 ad
619 2273 730 2333 bellum
747 2276 844 2352 potius
858 2275 1024 2334 incensivas
1042 2275 1115 2336 dare
1129 2296 1157 2335 a.

130 2377 312 2452 Acquievcre
326 2379 402 2435 cives
418 2377 469 2450 illi,
485 2387 555 2436 tunc
567 2377 688 2453 optimis
703 2377 789 2454 legati
806 2376 970 2436 rationibus
985 2377 1063 2436 vieti.

171 2476 376 2537 Redeuntiltus
387 2489 505 2554 postero
514 2476 560 2535 die
572 2475 607 2534 ad
618 2477 748 2552 legatum
761 2477 971 2554 etepiscopum
982 2477 1160 2554 primatibus

129 2576 264 2650 civitatis,
274 2576 417 2653 quidnam
428 2576 567 2654 deinceps
579 2578 671 2635 acturi
684 2579 783 2636 terent
794 2577 869 2637 scire
881 2577 1080 2662 cupientibus,
1095 2598 1158 2637 res·

131 2696 258 2756 ponsum
270 2679 341 2756 ipsis
352 2690 394 2737 est
404 2678 534 2738 breviter
545 2687 576 2737 ct
588 2659 712 2755 publice,
724 2681 866 2739 conmuni
879 2679 1013 2755 ipsorum
1027 2680 1157 2754 nomine,

131 2803 149 2838 e<
172 2790 206 2838 ut
221 2779 288 2838 duci
315 2781 485 2858 Burgundie
511 2781 654 2858 promissa
676 2790 843 2853 servarent,
865 2782 964 2858 ipsum
986 2781 1085 2843 verbis
1106 2793 1157 2842 aut
1169 2799 1359 2868 atia'raspon'sto
1384 2800 1413 2847 ad

131 2906 150 2942 n
172 2883 256 2942 laetis
269 2902 326 2943 non
340 2884 527 2958 lacesserent,
540 2883 757 2943 incursionibus
769 2893 799 2944 et
810 2884 910 2962 predis
922 2903 982 2944 non
994 2886 1157 2960 irritarent;
1198 2859 1415 2966 {lllffmpemmnem

131 3009 150 3043 n
172 2987 271 3045 minus
288 2986 359 3045 utile
374 2985 444 3064 ipsis
459 2994 511 3044 aut
525 2996 622 3046 tutum
641 2995 743 3046 contra
759 3005 788 3046 sc
802 2987 876 3045 iram
899 2986 962 3064 ejus
985 3006 1156 3066 provocare,

130 3107 150 3143 n
171 3105 238 3144 cnm
255 3086 399 3144 maximus
414 3098 444 3145 et
460 3087 681 3164 potentissimus
698 3086 836 3165 princeps
851 3098 941 3161 esset3
959 3097 1109 3164 postremo
1125 3101 1158 3149 ut

131 3210 150 3246 »
171 3189 202 3249 in
219 3188 308 3250 rebus
322 3190 444 3270 agendis
459 3208 518 3250 non
534 3191 718 3250 nictcrentur
732 3187 773 3268 (2)
788 3190 857 3248 solis
873 3190 1002 3269 propriis
1019 3190 1158 3264 consiliis,

131 3311 150 3347 n
171 3290 223 3350 sed
238 3292 333 3368 legato
355 3302 384 3350 et
405 3291 542 3369 episcopo
563 3301 667 3351 cuncta
689 3291 951 3364 conmunicarent;
969 3291 1158 3370 vicissimque

8 3389 9 3392 ’
71 3451 73 3455 ,
131 3413 150 3447 n
171 3391 285 3470 legatus
301 3399 329 3450 et
344 3393 501 3470 episcopus
516 3393 558 3450 eis
573 3392 701 3451 salubria
714 3411 818 3451 corum
830 3393 985 3452 conterent
997 3393 1117 3452 consilia
1129 3403 1159 3453 et

132 3514 150 3549 n
172 3493 215 3552 eis
236 3492 348 3570 agenda
370 3491 622 3555 conmunicabunt
644 3515 668 3550 u¹
691 3493 779 3552 Grata
801 3512 957 3570 suscepere
979 3512 1157 3572 responsum

130 3604 161 3653 et
176 3594 227 3653 leti
241 3593 350 3653 abiere.
366 3595 435 3654 Erat
449 3596 588 3674 episcopo
603 3595 754 3655 leodiensi
769 3613 883 3654 summa
906 3613 976 3653 cura
998 3603 1027 3653 ct
1049 3595 1154 3655 sollici·

166 3859 202 3924 (t)
220 3861 340 3924 Sic,pour
351 3860 465 3922 adjutor.

165 3948 201 4012 (2)
219 3947 292 3997 Lisez
304 3947 457 3998 niterentur.
