3088 4926
653 478 781 573 (45)

200 636 219 670 >r
241 624 270 674 et
284 613 467 689 libertotcm3
482 635 551 677 cum
565 617 602 677 de
617 617 663 678 lris
674 617 731 678 suh
738 619 936 697 jurisjurandi
949 622 1091 702 religione
1103 626 1231 705 adjurati

199 737 218 774 >³
242 715 397 790 fuerimus,
419 717 523 795 utique
545 719 744 780 necessarium
769 721 826 779 erit
848 730 881 782 ut
902 723 1058 783 veritatem
1084 725 1231 804 exprimo·

200 839 218 875 >2
240 836 307 877 mus
319 839 346 877 n.
360 817 419 876 llec
431 818 564 891 auditus,
579 820 640 880 dux
654 819 849 882 veliementer
861 823 999 884 incensus
1010 834 1040 884 ct
1051 825 1115 887 fere
1127 825 1230 888 balbu-

199 920 276 978 tiens
300 919 354 978 lree
378 921 457 979 inter
479 919 569 979 multa
591 921 694 998 gallico
716 941 855 983 sermone
875 924 1060 987 velocissimo
1081 930 1230 1006 protulit:

199 1039 217 1076 «
241 1021 319 1092 lam,
345 1021 458 1098 inquit,
485 1022 617 1102 intelligo
642 1021 695 1082 hos
720 1022 784 1082 lore
813 1015 958 1086 versutias
983 1037 1013 1085 et
1040 1026 1230 1109 deceptiones

199 1141 217 1176 >›
241 1120 378 1180 ludovici
399 1123 582 1181 Francorum
602 1123 694 1202 rogis,
713 1122 761 1182 oui
780 1142 844 1183 mos
865 1134 910 1184 est
930 1145 984 1203 per
1003 1129 1230 1206 protestationes

199 1242 217 1278 n
240 1221 408 1280 rescindere
423 1233 523 1300 postea
539 1241 598 1300 quc
614 1223 698 1302 prius
713 1224 824 1302 scripto
839 1236 868 1284 et
876 1225 1074 1303 jurejurando
1086 1237 1230 1311 statuerat

198 1343 217 1379 n
239 1332 269 1382 et
283 1322 382 1383 luerat
397 1323 551 1401 pollicitus.
569 1323 638 1401 Ejus
650 1325 772 1404 vestigia
788 1343 869 1384 nunc
885 1327 990 1386 sectori
1006 1327 1120 1402 nitoris,
1132 1329 1230 1398 Ludo-

198 1443 216 1478 »
239 1422 321 1482 vicus
339 1423 377 1483 de
399 1422 563 1497 Borboni0;
583 1424 634 1483 sed
656 1426 718 1483 sive
738 1422 956 1484 confirmentur
978 1425 1009 1485 hi
1030 1427 1145 1486 articuli
1167 1429 1230 1489 sive

198 1547 216 1582 >³
239 1543 311 1597 non,
335 1543 440 1602 parurn
466 1525 539 1584 mihi
560 1527 618 1585 erit
640 1545 721 1586 cure.
742 1528 801 1604 Ege
820 1527 999 1586 sententiam
1020 1546 1117 1588 meam
1138 1548 1227 1607 quam

198 1648 216 1683 n
239 1628 330 1686 semel
341 1627 458 1686 decrevi
471 1636 501 1687 et
511 1635 628 1705 recepto
642 1636 695 1699 est,
710 1628 734 1687 si
748 1627 815 1704 quis
827 1646 892 1687 earn
904 1628 1016 1689 violare
1027 1633 1228 1709 temptaverit,

197 1751 215 1786 n
238 1728 294 1788 hoc
314 1748 385 1789 ense
405 1729 522 1789 tuebor.
536 1751 553 1786 n
575 1732 609 1790 Et
632 1729 678 1788 his
702 1729 796 1803 dictis,
816 1730 950 1807 opposita
973 1748 1065 1790 manu
1085 1731 1122 1791 ad
1148 1733 1227 1811 ensis

196 1829 349 1907 capulum,
372 1847 465 1906 equos
485 1828 542 1889 sibi
562 1828 668 1887 adduci
686 1828 777 1906 jussit
797 1826 941 1888 adversus
963 1847 1062 1908 regern
1085 1847 1152 1890 curn
1172 1850 1226 1891 suo

196 1929 329 1988 exercitu
341 1928 540 2007 prolecturus.
551 1928 675 1989 Stabant
689 1928 809 1987 actoniti
820 1927 881 1987 duo
896 1928 1004 1988 iratres
1022 1929 1228 2007 lugdunensis

196 2038 226 2088 et
247 2028 414 2089 leodiensis
436 2030 579 2107 presules.
602 2029 659 2089 Sed
681 2047 749 2088 eum
773 2029 884 2109 legatus
907 2029 996 2089 verbo
1016 2029 1100 2089 ducis
1120 2049 1151 2090 se
1166 2049 1226 2090 non

195 2130 374 2191 intellexisse
386 2131 506 2204 diceret,
517 2129 620 2208 gallice
631 2140 660 2189 et
673 2140 731 2189 torn
742 2128 1226 2210 lestineprolata,orchiepiscopus

193 2232 402 2311 lugdunensis
424 2232 531 2310 primo,
552 2229 672 2291 demum
690 2249 762 2291 vero
779 2232 842 2309 ipse
863 2232 924 2291 dux
945 2231 1042 2292 eidem
1064 2229 1105 2312 (l)
1130 2233 1226 2313 legato

194 2333 286 2393 latino
302 2353 440 2394 sermone
454 2333 643 2412 interpretati
659 2343 739 2394 sunt.

235 2434 350 2508 Quibus
362 2435 461 2495 verbis
473 2431 762 2513 intellectis,lcgatus
772 2435 810 2494 ad
821 2433 926 2494 ducem
938 2452 1101 2495 conversus
1112 2453 1146 2495 :o
1159 2436 1223 2495 Non
1237 2456 1364 2517 Responsio
1374 2456 1442 2518 legati
1451 2457 1479 2504 ad

193 2558 211 2594 n
235 2537 320 2610 mole,
341 2536 449 2614 inquit,
474 2536 617 2611 loquutus
645 2545 690 2595 est
718 2534 885 2614 episcopus,
913 2535 1041 2612 gloriose
1066 2535 1223 2614 princeps3
1313 2512 1402 2563 ducem.

193 2658 211 2694 n
234 2648 336 2715 potere
350 2649 383 2696 ut
394 2638 560 2715 episeopus,
572 2637 704 2697 seniores
717 2625 843 2696 Ecclesic
855 2643 884 2695 et
897 2635 992 2713 patrie
1006 2634 1119 2695 nobiles
1131 2654 1224 2714 super

193 2765 211 2800 s
233 2742 280 2803 his
292 2743 386 2802 libere
396 2760 464 2802 suos
478 2742 640 2803 sententies
656 2740 820 2819 proferant.
836 2741 982 2800 Permicte
997 2749 1031 2799 ut
1045 2741 1109 2817 ipse
1124 2750 1154 2798 et
1168 2757 1222 2818 ego

192 2865 210 2901 »
233 2843 296 2904 hece
315 2844 352 2904 ab
372 2843 414 2903 eis
432 2861 566 2903 seorsum
587 2842 772 2902 sciscitemur
795 2850 824 2902 et
845 2859 909 2901 rem
935 2858 1065 2920 agamus.
1082 2840 1222 2899 Firmiter

192 2969 210 3004 »
234 2967 322 3028 spero
343 2948 504 3008 honorem
526 2965 594 3009 cum
615 2949 669 3008 Dei
689 2960 719 3009 ct
734 2949 860 3009 Ecclesie
884 2948 999 3007 honoro
1025 2955 1055 3008 ct
1080 2947 1144 3007 sine
1171 2956 1221 3007 tuo

192 3071 210 3106 »
232 3049 389 3110 incomodo
404 3049 502 3109 taliter
517 3049 812 3128 perficiemus-quon
827 3049 933 3108 merito
949 3047 1151 3128 gratissimum
1168 3047 1222 3107 tibi

192 3172 210 3207 >³
232 3151 306 3227 erit;
327 3170 395 3210 nam
416 3170 450 3210 cx
470 3151 685 3230 quinquaginta
706 3150 770 3210 fere
791 3149 924 3211 articulis
938 3167 1013 3227 quos
1029 3168 1063 3208 ea
1080 3168 1134 3228 pax
1150 3167 1224 3209 con·

192 3273 209 3310 >r
232 3254 320 3324 tinet,
337 3250 438 3311 decern
455 3252 500 3311 vel
516 3250 673 3311 duodecim
689 3261 803 3312 tentum
826 3251 913 3311 alitor
935 3249 1118 3310 reformandi
1141 3261 1170 3310 et
1192 3250 1222 3309 in

191 3372 210 3408 »
232 3353 336 3411 melius
352 3350 518 3412 inmutandi
531 3361 615 3427 sunt,
626 3352 677 3430 qui
692 3353 814 3431 sopiunt
828 3349 956 3411 Ecclesie
971 3351 1114 3411 lesionem
1121 3370 1131 3427 3
1146 3369 1231 3428 quos·

193 3473 211 3508 n
234 3453 333 3512 taliter
360 3452 564 3512 ordinabimus
594 3452 673 3530 quod
688 3453 824 3513 comunis
848 3453 974 3511 Ecclesio
989 3460 1019 3511 et
1039 3459 1089 3511 tua
1105 3450 1221 3528 justitia

192 3574 210 3610 n
232 3564 261 3614 et
283 3554 422 3615 honestos
444 3554 522 3614 salva
545 3563 575 3615 et
596 3555 688 3614 inleso
704 3554 876 3614 manebunt.
893 3555 928 3612 Et
945 3560 978 3611 ut
990 3552 1046 3612 lroc
1061 3551 1180 3630 gravius
1192 3560 1222 3613 et

193 3677 211 3712 n
233 3655 380 3716 maturius
395 3654 497 3736 perfici
513 3656 616 3734 possit,
632 3656 744 3733 placeat
759 3666 807 3715 tuo
821 3653 991 3715 celsitudini
1006 3653 1082 3713 duos
1106 3671 1142 3712 ex
1162 3652 1220 3712 tuis

193 3756 409 3816 »consiliariis
442 3775 558 3816 mecum
586 3767 615 3816 ct
640 3775 706 3816 cum
742 3757 880 3834 episcopo
910 3754 1051 3814 leodium
1082 3753 1218 3826 minere,

223 3998 259 4062 tl)
278 3997 468 4050 Lisezeedem?
