3102 4914
281 564 285 572 Ι
358 614 377 650 n
399 591 548 668 prioratus
563 600 592 647 et
607 587 797 667 prepositure
812 588 876 666 ipse
894 590 1114 662 conventuales,
1130 591 1176 649 vel
1192 589 1286 650 officia
1306 591 1387 650 ebu-

359 717 377 750 »
398 691 496 752 stralia
513 691 635 758 luerint,
649 698 678 748 el
688 687 724 748 ad
737 688 785 748 itta
797 679 1007 750 consueverint
1018 691 1070 767 qui
1085 706 1139 769 per
1149 685 1324 750 electionem
1340 711 1386 750 as·

285 857 287 861 ,
358 815 376 850 o
398 793 476 852 sumi
489 791 590 867 eisque
602 808 672 849 cura
684 788 726 871 (Ι)
738 790 861 850 imincat
871 791 1052 864 animarum,
1061 791 1084 849 si
1097 791 1153 850 sibi
1164 791 1235 850 alias
1246 793 1387 852 canonice

287 899 289 904 ’
357 915 374 949 a
395 892 600 964 conferantur,
612 891 746 969 recipere
761 899 791 951 et
801 890 899 968 quoad
906 891 1063 969 junxerint
1075 895 1115 971 (ἢ)
1128 894 1267 968 retinere,
1279 894 1388 971 illaque

359 1018 376 1051 n
398 1004 427 1055 et
451 995 539 1054 etiam
562 993 693 1060 obtenta,
716 994 807 1052 simul
826 993 872 1054 rel
894 995 1067 1068 successive,
1088 995 1263 1074 simpliciter
1283 997 1330 1054 vel
1351 1015 1386 1054 ex

359 1119 376 1152 n
398 1116 482 1156 causa
496 1095 734 1175 permutationis,
742 1077 947 1172 quotiens-sibi
961 1083 1104 1174 placuerit
1115 1097 1387 1169 dimictere,ctloco

359 1219 376 1254 n
399 1196 511 1256 dimissi
527 1197 573 1254 vel
589 1195 778 1254 dimissorum
793 1194 874 1254 aliud
891 1197 937 1255 vel
958 1196 1025 1270 alia,
1047 1197 1143 1256 simile
1165 1198 1211 1257 vel
1234 1198 1387 1268 dissimile,

358 1319 376 1355 »
397 1306 449 1356 aut
463 1296 570 1357 similia
583 1295 628 1355 vel
638 1295 801 1367 dissimilia,
816 1295 992 1356 beneficium
1005 1315 1056 1356 seu
1070 1297 1223 1370 beneficia,
1235 1299 1386 1358 ecclesias·

358 1421 375 1454 n
399 1399 489 1457 ticum
506 1398 552 1456 vel
573 1397 765 1457 ecclesiastica
781 1415 960 1474 quecunque
975 1417 1007 1456 se
1027 1399 1152 1458 invicem
1168 1400 1387 1478 compatientia,

358 1521 375 1555 a
398 1498 534 1559 similiter
550 1498 683 1574 recipere
703 1506 732 1556 et
752 1496 849 1572 quoad
868 1498 998 1558 vixerint
1011 1499 1141 1559 retinere
1156 1498 1250 1558 libere
1264 1510 1294 1559 et
1309 1499 1386 1558 licite

359 1618 375 1654 n
399 1599 524 1669 valcant,
545 1597 673 1675 gratiose
690 1609 780 1675 prout
799 1597 960 1674 unicuique
976 1599 1137 1676 expediens
1158 1581 1248 1658 interit
1263 1597 1387 1678 dispen-

359 1723 376 1756 »
398 1700 498 1772 sandi,
525 1717 705 1776 omnemque
731 1698 926 1758 inhabilitatis
955 1709 984 1758 et
1005 1700 1128 1758 iulnmie
1156 1701 1300 1759 maculam
1325 1702 1386 1759 sive.

359 1823 376 1858 n
399 1811 498 1861 notam
516 1819 570 1877 per
585 1801 665 1877 ipsos
680 1811 709 1858 ct
724 1800 889 1877 quemlibet
903 1819 1007 1860 corum
1028 1802 1240 1879 premissorum
1263 1801 1310 1861 vel
1331 1801 1385 1860 alia

359 1926 377 1959 n
399 1904 503 1982 quavis
524 1904 676 1962 occasione
698 1901 745 1959 vel
759 1920 845 1981 causa
865 1901 1087 1979 quomodolibet
1108 1913 1300 1976 contractam,
1314 1902 1384 1962 abo-

359 2027 376 2062 »
398 2005 494 2078 lendi3
507 2004 601 2080 posita
613 2002 769 2062 interdicta
781 2012 811 2061 ct
818 2002 988 2080 juramenta
1000 2020 1189 2080 quecunque,
1200 2002 1359 2082 presertim
1370 2023 1385 2062 a

359 2106 384 2162 »’
399 2104 576 2182 quibusdam
592 2103 736 2180 religiosis
751 2103 875 2175 clericis,
892 2102 928 2162 de
945 2102 1144 2181 presentando
1163 2122 1195 2162 se
1213 2103 1384 2180 conspectui

271 2188 273 2190 ⁵
359 2229 376 2262 »
399 2216 500 2265 nostro
512 2205 557 2264 vel
569 2205 639 2263 alias
651 2199 897 2281 qualitercunque
906 2205 1039 2282 prestita,
1047 2205 1199 2265 relaxcndi
1212 2213 1241 2263 et
1253 2206 1384 2279 tollendi;

357 2329 374 2361 »
398 2307 475 2365 vices
498 2318 572 2378 tuas,
593 2303 683 2382 prout
705 2305 758 2363 tibi
783 2304 932 2364 videbitur
955 2315 984 2369 et
1008 2306 1171 2384 expediens
1198 2291 1384 2379 luerit,⁴aliis

355 2429 373 2463 n
396 2406 523 2478 idoneis,
540 2425 607 2466 cum
623 2397 745 2465 limitata
762 2405 919 2480 laenitate,
935 2407 1149 2480 conmictendi;
1164 2427 1196 2466 ae
1210 2408 1308 2467 omnia
1325 2409 1381 2468 alia

356 2508 425 2568 act
447 2509 576 2588 singula,
597 2508 633 2567 ad
659 2507 799 2567 effectum
821 2509 973 2568 tractanda
997 2510 1075 2586 pacis
1097 2519 1187 2586 atque
1208 2509 1380 2578 concordie,

356 2630 373 2666 a
396 2608 566 2694 hujusmodi
581 2609 744 2668 neccssaria
759 2626 809 2667 seu
826 2608 1049 2684 quomodolibet
1074 2622 1232 2685 oportuna,
1247 2629 1280 2668 ae
1295 2611 1382 2668 etiam

355 2732 373 2767 u
395 2721 509 2788 partem
527 2712 677 2770 nolentem
692 2711 874 2769 concordare
888 2711 1083 2788 compellendi
1100 2721 1204 2789 prout,
1220 2711 1384 2770 secundum

355 2833 372 2868 n
397 2814 502 2887 Deum,
513 2814 637 2874 salutem
651 2813 830 2877 animarum,
843 2813 1015 2888 qualitatem
1028 2824 1197 2890 temporum
1212 2823 1238 2872 et
1253 2813 1382 2890 quietem

354 2915 586 2993 »populorum
607 2915 788 2977 consciencie
812 2925 861 2971 tuc
887 2912 1029 2990 expedire
1055 2915 1216 2989 ridebitur,
1247 2913 1382 2986 faciendi,

354 3035 372 3072 u
393 3015 527 3094 gerendi,
550 3013 728 3092 disponendi
750 3002 780 3073 et
800 3014 976 3091 exequendi,
997 3034 1039 3089 ac,
1061 3015 1224 3073 secuudum
1248 3025 1381 3074 tenorem

354 3137 372 3172 a
394 3115 542 3175 dictorum
561 3115 759 3193 capitulorum
781 3125 810 3174 et
832 3114 1065 3174 moderationem
1091 3126 1188 3193 perte
1208 3115 1382 3183 faciendam,

354 3225 380 3270 a·
394 3216 557 3274 neccssaria
574 3215 686 3274 luerint
707 3214 931 3292 quomodolibet
953 3226 981 3275 et
1001 3224 1161 3294 oportuna,
1182 3234 1216 3274 ac
1237 3235 1290 3294 per
1310 3216 1382 3274 alios

352 3308 524 3394 »ydoneos
542 3324 592 3374 tuo
611 3317 732 3374 nominc
748 3317 777 3376 in
795 3315 947 3395 premissis
964 3315 1057 3389 factis,
1072 3317 1172 3394 gestis,
1189 3317 1338 3392 dispositis
1354 3322 1384 3376 et

351 3439 368 3472 n
390 3417 528 3490 exacutis,
544 3417 750 3476 auctoritatem
773 3427 955 3477 nostramet
978 3417 1099 3494 plenum
1121 3415 1270 3475 firmitatis
1290 3414 1384 3477 robur

351 3537 369 3573 n
392 3519 449 3576 tuis
465 3517 569 3576 litteris
590 3518 770 3578 concedendi
793 3519 838 3577 vel
861 3518 1043 3595 apponendi,
1060 3527 1090 3576 et
1110 3519 1255 3596 premissa
1272 3518 1384 3585 omnia,

349 3637 368 3674 »
388 3617 445 3696 sub
456 3619 590 3677 censuris
606 3629 634 3678 ct
647 3619 731 3696 penis
748 3619 910 3696 dequibus
927 3617 979 3676 tibi
997 3617 1159 3691 ridebitur,
1171 3616 1381 3676 inviolabiliter

379 3900 415 3962 (l)
432 3897 503 3946 Lisez
520 3912 526 3947 :
542 3904 565 3948 et
581 3899 616 3948 od
634 3899 681 3947 illa
696 3912 745 3962 qua
766 3911 814 3960 per
833 3897 981 3948 electionem
1004 3899 1104 3948 ussumi
1125 3899 1329 3948 consueuerint?
1347 3898 1380 3948 La

347 3984 439 4046 phrase
452 3985 532 4046 paruit
543 3983 676 4046 trouquee.

380 4068 415 4134 (2)
433 4069 504 4120 Lisez
517 4081 525 4120 ·.
538 4071 662 4121 uiuerint.
