3126 4906
345 605 423 666 libus
450 601 611 664 familiares
640 621 726 675 suos,
753 621 879 662 numero
909 603 1014 683 viginti
1040 604 1116 664 duos
1145 605 1197 682 qui
1221 604 1303 683 apud
1328 623 1380 666 eos

345 705 551 774 remanebant,
566 704 660 764 facete
677 720 804 763 monens
824 721 873 762 eos
892 721 930 763 ne
946 703 1058 763 italicas
1071 721 1176 764 carnes
1188 703 1382 765 comederent

346 807 446 868 minus
461 826 546 867 sanas
561 814 691 866 stomaco
702 815 731 866 et
744 805 808 864 cibo
946 827 947 831 ¹
1055 807 1104 885 (l).
1127 808 1218 868 Multa
1241 817 1378 885 preterea

346 908 436 970 verba
449 909 518 968 satis
533 925 636 986 aspera
649 925 703 985 per
718 907 847 985 legatum
859 906 960 967 hahita
975 921 1047 968 sunt
1060 907 1203 969 adversus
1214 902 1380 969 Antonium

344 1012 382 1070 de
402 1009 545 1068 Salanova
560 1009 610 1088 qui
628 1026 760 1086 praesens
775 1005 833 1067 illic
853 1017 918 1068 crat
932 1019 962 1068 et
976 1008 1027 1085 qui
1042 1001 1173 1088 gladium
1188 1008 1226 1068 ad
1237 1006 1379 1088 jugulum

344 1107 511 1173 cancellarii
527 1112 615 1191 legati
629 1122 811 1190 apposuerat
825 1129 858 1170 ac
872 1111 986 1170 litteras
1004 1121 1034 1170 et
1048 1111 1141 1190 sigilla
1155 1111 1240 1190 legati
1252 1109 1338 1189 apud
1346 1129 1381 1170 se

344 1213 506 1284 detinebat,
531 1210 704 1271 marescallo
730 1229 761 1270 sc
785 1211 816 1270 in
843 1210 976 1270 medium
998 1213 1211 1290 interponente
1230 1223 1259 1272 et
1277 1211 1378 1272 omnia

343 1311 529 1374 restituenda
545 1313 709 1390 pollicente.
726 1314 795 1371 Erat
807 1312 981 1390 palatiolum
996 1313 1166 1391 proximum
1178 1301 1217 1372 ad
1228 1313 1284 1373 tria
1297 1312 1378 1372 milia

308 1457 310 1461 .
343 1430 496 1490 passuum,
518 1412 638 1472 nominc
661 1413 741 1471 Foux
757 1411 809 1490 (ᾖ),
831 1411 918 1472 fossis
939 1413 1169 1486 circumdatum,
1189 1411 1240 1471 ubi
1255 1412 1333 1472 cives
1349 1420 1380 1472 et

345 1513 459 1574 nobiles
474 1513 600 1572 civitatis
615 1521 646 1572 et
657 1513 752 1590 patrie
766 1511 935 1572 leodiensis
947 1513 1083 1572 factionis
1094 1513 1225 1590 episcopi
1236 1522 1266 1573 et
1278 1512 1379 1573 hostes

342 1626 448 1674 eorum
461 1613 512 1690 qui
527 1613 557 1672 in
572 1612 690 1673 civitate
702 1623 797 1685 erant,
808 1611 846 1671 ad
857 1631 1018 1673 numerum
1031 1613 1094 1674 fere
1107 1612 1237 1674 duorum
1251 1613 1377 1688 milium,

341 1716 540 1776 castrametati
565 1721 652 1774 erant
680 1713 737 1774 sub
764 1713 890 1792 imperio
913 1713 1123 1786 llurnbercort,
1146 1714 1378 1775 locurntenentis

342 1816 435 1886 ducis,
451 1826 481 1876 et
501 1815 624 1875 loannis
648 1813 685 1874 de
706 1816 815 1892 Bergcs
829 1814 894 1892 ejus
909 1815 1029 1894 college,
1044 1833 1119 1891 quos
1134 1833 1225 1894 supra
1241 1816 1377 1875 nomina·

342 1909 457 1989 vimus}
472 1917 551 1996 apud
575 1935 625 1976 eos
645 1911 803 1994 episcopus
826 1916 995 1988 leodiensis
1010 1936 1041 1976 sc
1056 1919 1260 1978 collocaverat.
1282 1918 1379 1997 lgitur

342 2023 465 2100 legatus,
486 2019 645 2096 opiscopus
666 2011 696 2076 et
719 2017 949 2094 llumbercourt,
965 2030 1032 2097 post
1047 2019 1208 2078 discessum
1224 2021 1332 2098 Argue,
1347 2031 1378 2079 et

342 2121 513 2181 inarescallo
532 2120 620 2180 simul
641 2118 828 2180 discedentes
851 2119 905 2199 (5),
926 2118 963 2178 ad
986 2138 1054 2179 eum
1079 2109 1180 2180 locum
1203 2137 1378 2198 pervenere,

340 2219 473 2301 cjusdcur
490 2221 583 2280 noctis
600 2219 754 2279 residuum
770 2219 863 2295 quieti
879 2219 992 2280 dantes.

382 2325 504 2382 Summo
519 2323 649 2384 diluculo
662 2321 704 2401 (l)
719 2322 786 2381 data
809 2330 880 2380 sunt
899 2321 1033 2399 undiquc
1056 2323 1138 2401 signa
1161 2331 1196 2381 ut
1216 2323 1377 2382 universus

340 2426 488 2485 exercitus
503 2423 540 2483 ad
554 2423 679 2482 civitatis
694 2405 945 2501 expugnationem
960 2423 1146 2500 procederet,
1161 2423 1296 2482 nondum
1311 2440 1375 2482 res-

342 2543 464 2602 ponsoa
486 2524 605 2586 civitate
626 2522 728 2584 habito
750 2541 843 2600 super
865 2521 966 2582 cedula
989 2541 1024 2582 ex
1047 2523 1188 2600 Beyrsees
1204 2522 1393 2594 transmissa,

341 2644 396 2703 per
417 2622 554 2684 lreraldos
562 2643 571 2698 3
585 2624 668 2684 venit
689 2641 809 2700 quoque
826 2623 929 2682 cadem
951 2622 1023 2682 hora
1045 2625 1142 2701 Argue
1163 2622 1317 2683 adlocuta
1338 2623 1376 2682 de

343 2729 431 2800 Foux,
448 2725 497 2785 ubi
514 2727 626 2804 legatus
641 2743 709 2784 cum
726 2725 866 2804 episeopo
880 2738 908 2783 ct
923 2724 987 2784 aliis
1004 2733 1082 2798 erat;
1098 2725 1184 2785 duxit
1199 2743 1300 2785 secum
1312 2723 1377 2784 fere

340 2829 483 2888 ducentos
499 2847 535 2886 ex
549 2827 611 2887 suis
626 2837 771 2900 armatos,
787 2827 884 2886 multa
905 2839 1087 2902 conquestus
1102 2827 1133 2886 in
1153 2827 1325 2905 episcopum
1346 2835 1376 2886 ct

340 2927 562 2988 Humbcrcourt
576 2947 609 2986 ac
624 2927 686 2986 aliis
701 2926 744 3007 (ὅ)
759 2919 898 2999 astantes,
910 2948 928 2984 n
945 2926 1148 3006 legatumsibi
1165 2930 1218 3004 per
1232 2921 1374 3003 injuriam

342 3031 480 3089 hesterna
496 3039 582 3088 nocte
597 3028 688 3086 fuisse
702 3027 850 3087 violenter
865 3039 1020 3106 ereptum,
1038 3046 1105 3086 cum
1123 3027 1154 3087 in
1174 3045 1258 3088 suam
1273 3036 1375 3086 custo-

341 3131 420 3190 diam
446 3139 475 3188 et
493 3137 670 3207 potestatem
686 3145 750 3186 esse
765 3127 909 3187 deberet:
930 3129 1045 3187 venisse
1060 3147 1091 3187 sc
1108 3137 1141 3187 ut
1159 3146 1229 3187 oum
1247 3127 1327 3206 apud
1343 3145 1376 3187 se

341 3228 450 3296 habeat
478 3239 507 3287 et
535 3228 566 3286 in
592 3225 795 3306 Burgundiam
821 3225 877 3285 sub
898 3226 1030 3286 custodia
1057 3227 1171 3301 minat,
1193 3227 1289 3288 donec
1313 3225 1374 3286 dux

292 3372 293 3376 ,
341 3331 481 3390 decernat
496 3327 567 3406 quid
583 3327 620 3388 dc
635 3346 669 3389 eo
685 3329 776 3388 fuerit
797 3327 954 3406 agendum,
971 3327 1191 3405 familiaresque
1213 3327 1300 3408 legati
1310 3328 1374 3407 jam

370 3620 407 3684 (l)
424 3621 520 3684 Espace
537 3633 601 3682 pour
617 3620 684 3668 deux
698 3631 730 3668 ou
740 3619 803 3668 trois
815 3625 890 3679 mota,
903 3617 975 3668 laisse'
987 3631 1017 3666 aa
1029 3619 1104 3668 blanc
1115 3619 1178 3668 dans
1190 3619 1213 3666 la
1226 3618 1373 3668 manuscrit.

278 3721 282 3727 ·
370 3709 407 3770 (ὑὶ)
426 3709 501 3766 roez,
514 3707 527 3755 'a
539 3709 555 3757 5
568 3705 711 3755 kilometres
723 3705 755 3755 de
769 3705 871 3754 Bias-set..

370 3794 407 3856 (ὅ)
425 3793 495 3842 lisez
507 3793 657 3842 discedente.

371 3880 408 3941 (l)
424 3879 514 3936 G'etait
526 3879 549 3928 le
562 3877 593 3927 at
606 3878 716 3928 octobre.

371 3965 406 4027 (5)
424 3964 496 4014 Lisrz
509 3963 583 4014 alios.
