3088 4926
111 497 230 568 Traetatur
247 519 275 565 de
292 531 353 566 oom-

126 578 190 625 muoi
205 579 255 624 loeo
270 577 309 623 ubi
321 578 355 623 le-

126 643 191 695 gatus
201 635 306 682 resideat.

822 373 949 470 (⁶0)

408 518 591 578 instantibus
613 525 679 594 post
702 514 757 575 heo
780 515 906 572 maxime
921 515 1000 573 clero
1016 523 1047 575 et
1062 516 1172 594 populo
1197 516 1350 576 leodiensi
1367 524 1401 575 ut

367 619 479 696 legatus
495 618 532 677 ad
552 619 700 677 civitatem
717 615 837 688 rediret,
852 614 950 674 visum
971 626 1015 674 est
1032 616 1127 693 legato
1143 629 1172 675 et
1191 616 1237 676 his
1259 618 1311 693 qui
1330 635 1398 675 eum

366 720 432 797 ipso
445 731 539 786 erant,
551 729 583 777 ut
597 727 757 794 antequam
772 715 919 774 civitatem
936 717 1071 784 intraret,
1083 716 1280 793 deputaretur
1292 717 1399 793 aliquis

367 820 448 879 loeus
460 818 604 890 comunis,
618 817 751 876 munitus
768 825 866 874 lamen
879 826 909 874 et
920 825 1012 887 tutus,
1023 833 1115 892 prope
1127 816 1288 889 civitatem,
1300 835 1403 895 accep·

369 933 416 980 tns
437 919 582 979 ambabus
604 918 748 997 partibus,
771 916 808 975 ed
830 935 920 992 quem
945 916 1058 995 legatus
1083 916 1204 976 demum
1226 917 1345 977 reddire
1370 927 1401 977 et

367 1029 466 1100 partes
479 1038 578 1079 seeum
591 1017 752 1083 convenire
765 1034 869 1075 secure
880 1026 1011 1093 possent,
1027 1035 1063 1076 ex
1076 1036 1110 1077 eo
1126 1018 1193 1093 quia
1205 1018 1245 1098 (l)
1260 1037 1313 1077 neo
1327 1037 1400 1078 eon-

368 1122 469 1182 siliarii
494 1121 623 1198 episcopi
649 1117 800 1178 audebant
823 1117 971 1177 civitatem
993 1119 1126 1196 ingredi,
1150 1138 1204 1178 nee
1226 1119 1401 1180 leodienses
1494 1187 1500 1202 ,

369 1223 446 1282 ultra
459 1220 496 1279 ad
507 1224 680 1299 episcopum
693 1217 841 1291 accedere,
855 1229 978 1296 propter
990 1219 1180 1278 violationem
1192 1220 1360 1280 securitatis
1371 1231 1401 1281 et

344 1345 346 1348 ·
368 1321 605 1383 salviconduotus
621 1321 754 1398 proxime
767 1320 883 1378 faulam.
898 1322 1001 1397 ltaque
1014 1333 1194 1380 conventum
1210 1335 1254 1382 est
1270 1333 1298 1382 et
1309 1322 1402 1402 depu-

370 1433 448 1484 tatus
468 1435 512 1484 est
533 1424 614 1482 loeus
634 1422 807 1482 monasterii
831 1421 1007 1480 monialium
1022 1422 1059 1481 de
1075 1423 1304 1482 Veteri-Vineto
1315 1424 1400 1501 juxta

370 1529 491 1599 Mosam,
502 1526 532 1584 in
545 1524 642 1582 medio
652 1523 768 1582 itineris
780 1523 860 1582 inter
873 1522 1021 1582 civitatem
1035 1523 1226 1583 leodiensem
1241 1534 1270 1584 et
1285 1525 1402 1602 Trojee-

371 1637 434 1686 tum
446 1627 505 1705 (2);
525 1625 560 1684 ad
576 1643 665 1701 quem
680 1629 730 1682 xx·
742 1623 790 1682 die
805 1622 985 1701 septembris
998 1624 1150 1683 declinans
1169 1623 1291 1702 legatus,
1308 1626 1405 1686 consi·

369 1728 485 1788 deravit
497 1747 554 1786 una
570 1745 638 1786 eum
653 1726 715 1785 suis
727 1725 829 1784 amieis
847 1726 944 1784 locum
961 1744 1020 1785 non
1036 1743 1099 1784 esse
1114 1727 1183 1785 satis
1200 1728 1349 1786 munitum
1364 1727 1401 1786 ab

369 1828 567 1901 invasoribus,
584 1847 638 1888 neo
654 1827 742 1886 etiam
755 1827 912 1887 honestum
928 1827 1006 1887 inter
1021 1827 1165 1886 moniales
1184 1828 1285 1888 multis
1304 1847 1403 1888 neees-

368 1918 445 1989 snrio
460 1927 640 1987 habentibus
651 1927 813 1987 convenire
830 1945 898 1985 eum
915 1944 964 1996 eo;
981 1926 1082 2002 itaque
1099 1927 1174 1987 laeta
1189 1926 1230 1986 ibi
1246 1945 1329 1987 mora
1343 1928 1401 1987 diei

368 2030 468 2103 unius,
483 2031 603 2088 vocatus
625 2028 772 2087 instanter
787 2047 802 2086 a
818 2029 897 2088 elero
913 2037 943 2086 et
959 2027 1043 2087 bonis
1059 2028 1173 2088 civibus
1191 2029 1402 2090 Leodiensibus

370 2148 471 2208 paoem
482 2129 689 2189 affectantibus
702 2139 734 2187 nt
743 2129 854 2188 rediret
868 2129 897 2187 in
910 2129 1070 2204 civitatem,
1083 2148 1280 2206 persuasurus
1293 2134 1401 2210 populo

370 2238 403 2289 ut
417 2241 526 2308 puoota
540 2230 596 2289 tria
612 2230 659 2289 illa
673 2229 778 2288 tradita
794 2248 848 2307 per
859 2230 1030 2309 episcopum
1045 2229 1159 2290 civibus
1175 2230 1292 2290 adeum
1305 2231 1400 2310 primo

370 2333 465 2392 missis
476 2341 665 2411 acceptarent
675 2331 765 2412 (quod
779 2331 975 2391 difficilimum
989 2332 1053 2391 iore
1063 2333 1252 2406 asserebant,
1265 2334 1322 2392 nisi
1338 2334 1399 2410 ejus

272 2441 273 2446 ’
370 2433 491 2492 monitis
503 2443 532 2492 et
544 2431 797 2512 persuasionibus)
812 2451 818 2492 :
834 2431 881 2491 die
897 2431 958 2509 xle
970 2431 1102 2510 ejusdem
1120 2434 1231 2493 mensis
1247 2435 1359 2514 legatus
1370 2435 1400 2494 in

114 2526 244 2574 Revertitur
268 2528 356 2587 legatus

128 2584 158 2631 ad
187 2585 300 2632 civitatem
333 2593 356 2633 et

129 2642 326 2703 loquiturpopuio.

369 2532 517 2592 civitatem
533 2552 687 2612 regressus
702 2544 756 2606 est,
772 2552 877 2612 inagna
893 2533 996 2616 popuii
1011 2533 1195 2610 jocunditate
1211 2544 1240 2593 et
1254 2552 1400 2593 oonoursu

372 2635 527 2712 utriusque
541 2646 634 2695 status
647 2644 676 2694 el
688 2655 776 2694 sexus
782 2656 790 2709 ;
807 2649 836 2700 et
847 2635 935 2708 illioo,
947 2636 1057 2694 voeatis
1071 2636 1254 2714 primoribus
1266 2637 1402 2712 civitatis,

372 2755 424 2814 per
435 2738 498 2796 illos
510 2738 663 2816 religiosos
676 2735 830 2816 theologos
841 2738 941 2796 multis
955 2736 1120 2796 rationibus
1134 2739 1250 2797 suaderi
1263 2737 1359 2798 feeit«
1369 2745 1401 2796 ut

370 2839 419 2897 illa
438 2848 641 2916 acceptarent3
663 2838 735 2898 etsi
758 2838 929 2898 diffiderent
951 2837 988 2896 de
1013 2840 1151 2917 episcopo
1174 2839 1328 2898 Leodiensi
1350 2858 1402 2915 ne,

370 2939 461 2998 armis
480 2956 585 2997 eorum
604 2938 756 3016 depositis,
772 2938 845 2997 velit
866 2938 980 2997 intrare
998 2937 1100 3017 (prout
1124 2939 1356 3019 suspicabantur
1372 2945 1401 2998 et

371 3037 554 3117 asserebant)
565 3038 595 3097 io
608 3056 697 3096 mauu
714 3037 783 3097 forti
796 3050 826 3098 et
840 3057 892 3097 ore
903 3037 991 3118 gladii
1007 3041 1038 3098 in
1050 3041 1204 3113 ultionem,
1214 3059 1250 3100 se
1263 3051 1399 3117 paratum

370 3140 434 3198 dari
449 3138 546 3197 iacere
562 3157 617 3217 per
631 3138 805 3218 episcopum
820 3140 1013 3200 Leodiensem
1024 3160 1144 3202 omnem
1156 3162 1250 3220 ¹quam
1265 3151 1401 3221 peterent

371 3237 572 3310 securitatem,
593 3257 682 3314 quam
706 3239 817 3298 sciebat
835 3241 1009 3319 episcopum
1032 3241 1162 3301 libenter
1182 3242 1323 3302 daturum
1345 3259 1399 3320 pro

402 3540 439 3602 (l)
457 3539 529 3588 Lisez
543 3541 631 3603 quod?

403 3625 439 3688 (ἒ)
456 3627 588 3692 Vireguis‚
604 3639 737 3677 commune
756 3629 771 3676 a
792 3629 907 3679 8lilorn.
926 3630 958 3680 de
977 3630 1060 3694 tinge.
1078 3632 1126 3680 Sur
1138 3631 1251 3693 l'abbaye
1262 3630 1307 3679 des
1321 3628 1400 3678 lle'ne'·

369 3713 477 3762 diotines
490 3713 534 3774 qui
550 3713 587 3775 s’y
600 3714 724 3776 trourait,
738 3727 792 3777 roy.
805 3713 852 3765 Les
865 3715 957 3766 dolicae
969 3716 1005 3765 du
1015 3729 1082 3780 popo
1094 3717 1124 3766 de
1139 3714 1223 3779 diepa,
1235 3723 1255 3764 t.
1269 3715 1309 3774 ll',
1322 3729 1343 3777 p.
1356 3713 1402 3776 505

370 3797 515 3862 Sraanmr,
527 3797 665 3849 Memoires
679 3813 748 3864 pour
760 3801 849 3852 servir
860 3801 877 3850 d
892 3801 969 3852 l'ltiat.
982 3802 1123 3853 ecclesiast.
1135 3803 1170 3852 du
1186 3816 1253 3866 popa
1266 3801 1297 3850 do
1311 3800 1397 3864 diepa,

371 3890 388 3934 t.
401 3883 573 3948 l,p.59,etc.
972 3899 974 3905 ·
