3088 4926
109 705 194 753 Littera
250 701 352 762 episcopi

135 760 271 811 leodiensis
282 760 352 808 missa

136 823 217 881 legato.

822 431 948 526 (58)

647 690 759 750 Littera
782 691 913 771 episcopi
934 689 1115 750 leodiensis.
1167 667 1170 674 ¹

405 884 423 920 a<
446 859 704 922 Reverendissimc
717 860 746 919 in
760 859 878 920 Christo
895 871 990 939 pater,
1005 859 1126 921 dominc
1141 878 1174 918 ae
1188 859 1288 919 fautor
1300 849 1411 918 hono?

365 985 382 1019 a
406 961 573 1022 cautissime
585 961 636 1042 (l),
648 961 768 1022 cordiali
780 961 1064 1021 reconmendatione
1077 961 1221 1040 premissa
1240 979 1308 1020 cum
1329 958 1398 1020 alie-

268 1121 270 1126 .
365 1085 383 1121 r>
405 1062 502 1122 ctibus
513 1061 774 1138 obsequiosissime
785 1043 996 1138 complacendi.
1010 1062 1104 1136 Quam
1117 1061 1261 1120 exultanti
1275 1079 1396 1138 recepe·
1527 1121 1529 1146 ἶ

300 1170 302 1175 ’
365 1187 383 1221 r>
406 1162 573 1222 rimanimo
585 1144 766 1240 gratissimas
779 1161 927 1240 v,r.p.(2)
940 1162 1062 1237 litteras,
1074 1161 1173 1221 audita
1186 1161 1440 1222 dissertissime·
1527 1167 1529 1182 '

365 1286 384 1320 r>
406 1264 448 1339 (5)
460 1251 767 1322 vestrebenivolentie
779 1262 889 1322 nedum
905 1262 992 1322 laude
1003 1262 1091 1340 digna
1105 1281 1208 1322 verum
1219 1261 1307 1321 etiam
1317 1280 1399 1321 exac-

367 1386 389 1448 o¹
408 1363 519 1422 tissima
532 1361 610 1440 apud
622 1361 856 1422 illustrissimum
870 1363 1036 1440 principem
1048 1362 1201 1421 dominum
1215 1361 1321 1422 ducem
1333 1373 1398 1438 eto,

367 1489 385 1522 >r
407 1467 438 1525 in
452 1466 543 1526 rebus
557 1466 714 1544 oportunis
729 1477 758 1525 et
768 1465 1034 1542 juribusEcclesie,
1047 1465 1174 1532 civitatis
1186 1476 1215 1525 ct
1227 1465 1322 1542 patrie
1334 1483 1400 1524 mec

330 1609 333 1615 -
368 1589 385 1624 »
408 1565 577 1626 Laodicnsis
592 1578 680 1643 atque
696 1566 920 1639 conservatione
932 1567 1047 1645 jurium
1068 1565 1104 1624 ad
1125 1565 1284 1626 Ecclesiam
1303 1553 1415 1644 ipsam*

348 1689 385 1733 ,a
410 1670 640 1746 pertinencium,
669 1669 863 1728 ecclesiastice
892 1687 1012 1746 quoque
1041 1667 1185 1726 libertatis
1214 1664 1400 1726 observande

368 1791 385 1826 n
408 1767 571 1848 diligentia,
587 1788 703 1846 nequeo
718 1770 788 1828 satis
805 1769 911 1830 litteris
923 1769 1101 1848 exprimere.
1114 1768 1273 1844 Redorque.
1284 1767 1327 1848 (l)
1340 1785 1398 1826 non
1417 1846 1418 1849 Ἴ

368 1891 385 1926 r>
408 1870 598 1929 mediocriter
620 1869 766 1928 actonitus
791 1869 919 1946 qualiter
940 1876 1021 1928 tante
1041 1866 1204 1947 dignationi
1220 1865 1403 1928 vicissitudi-

368 1992 385 2026 a
410 1989 477 2029 nem
496 1989 579 2048 agam
595 1969 778 2029 benemerite
791 1988 983 2046 recompenso
999 1968 1250 2045 quemadmodum
1265 1980 1400 2047 optarem

368 2092 385 2126 >r
409 2058 471 2130 toto
486 2071 641 2129 conamine
656 2071 746 2148 graiis
759 2071 801 2149 (ὅ)
813 2071 923 2140 eordis;
939 2071 1077 2148 quamvis
1089 2081 1189 2130 antem
1202 2070 1402 2147 inpresentia-

367 2194 386 2228 »
409 2190 476 2231 rum
493 2183 629 2250 prompta
646 2191 711 2231 mea
727 2173 865 2232 voluntas
881 2192 939 2232 non
952 2173 1087 2248 sulliciat,
1099 2171 1134 2230 ad
1146 2173 1326 2251 condignum
1339 2174 1397 2232 vita

369 2295 386 2329 a
409 2283 507 2334 tamen
524 2274 629 2333 comite
644 2285 746 2353 gratus
762 2293 821 2352 ero.
839 2274 1128 2338 Reverendissimam
1150 2287 1278 2334 vestram
1300 2283 1400 2351 pater·

285 2434 287 2438 ,
369 2397 387 2432 >i
410 2375 533 2434 nitatem
555 2374 718 2454 efflagitans
739 2375 893 2435 salutifere
914 2376 1044 2435 caritatis
1060 2375 1268 2435 ardentissimo
1283 2374 1400 2435 deside·
1486 2419 1490 2426 .

369 2496 386 2531 »
412 2474 466 2549 rio,
477 2483 625 2552 quatenus
638 2476 771 2554 paternis
787 2476 898 2554 incepit
910 2475 1067 2537 affectibus
1085 2475 1219 2536 incohata
1237 2476 1398 2550 continuet,

372 2597 389 2632 r>
411 2594 444 2634 ac
457 2594 511 2653 pro
525 2577 742 2653 consequendis
753 2575 789 2634 ad
803 2575 857 2636 lrec
869 2576 1103 2636 conducentibus
1116 2578 1273 2654 oportunis
1285 2577 1402 2636 insistat

371 2698 389 2734 r>
413 2677 633 2754 provisionibus
658 2689 747 2755 atque
773 2679 927 2752 remediis,
953 2680 1034 2737 velut
1058 2679 1151 2756 ipsius
1177 2679 1400 2758 vigilantissime

371 2798 389 2832 a
412 2776 619 2836 sollicitudinis
633 2778 927 2856 circumspectissima
945 2779 1084 2856 sagacitas
1100 2789 1129 2838 ct
1143 2778 1287 2838 industria
1305 2778 1401 2838 diser-

371 2899 387 2932 »
413 2877 523 2935 tissima
550 2878 698 2936 censuerit
725 2879 961 2950 occurrendum3
983 2880 1123 2954 quoniam
1150 2888 1179 2938 et
1205 2879 1314 2954 indica,
1341 2897 1401 2938 non

372 2999 389 3032 »
412 2975 547 3035 obstante
561 2995 623 3035 mea
639 2977 770 3053 possibili
784 2978 950 3036 resistentia
963 2981 1042 3054 (quc,
1054 2979 1132 3056 quod
1145 2979 1282 3040 dolenter
1293 2980 1401 3055 relcro,

372 3098 388 3132 >r
413 3077 654 3156 parvipenditur
675 3099 690 3135 a
715 3077 884 3157 plerisque),
907 3078 1008 3138 dictim
1029 3080 1064 3139 ad
1086 3082 1257 3140 ulteriorem
1277 3081 1402 3140 demoli-

372 3199 390 3233 »
414 3177 524 3237 tionem
540 3178 707 3237 meniorum
723 3191 752 3238 ct
768 3179 897 3239 turrium
913 3181 990 3240 dicte
1006 3183 1132 3242 civitatis
1147 3194 1177 3241 et
1189 3183 1284 3258 patrie
1299 3201 1402 3260 procc-

373 3303 390 3336 »
413 3280 503 3354 ditur,
518 3299 551 3340 ae
566 3279 601 3339 ad
617 3281 673 3339 alia
688 3283 830 3358 pleraque
850 3282 1066 3359 jurisdictionis¹
1089 3293 1118 3342 ct
1134 3283 1248 3359 jurium
1273 3285 1402 3362 prescri-

373 3404 390 3437 „
415 3391 534 3460 plorum
548 3381 705 3458 prejuditia
718 3381 882 3455 laboratur,
893 3394 982 3459 atque
994 3382 1218 3462 gravaminibus
1229 3382 1400 3464 gravamina

1101 3525 1398 3539 —m-——m-

405 3607 441 3670 (l)
460 3605 532 3654 bisen
544 3605 752 3656 honoratissime.

406 3693 443 3756 (ip
464 3691 560 3741 Vestrae
574 3693 982 3758 reverendissimaepaternitatis.

406 3776 444 3842 (3)
463 3775 536 3826 biset
548 3777 726 3829 disertissime.

408 3861 445 3924 (l)
463 3862 532 3911 lisez
548 3863 701 3927 reddorque.

409 3947 444 4009 (5)
462 3947 534 3997 Lisez
546 3951 628 4012 prati.
641 3949 675 4000 Le
687 3957 739 4000 mot
752 3950 888 4000 oenotriae
900 3958 938 4001 est
950 3950 1070 4000 douteua.
