3102 4914
607 477 735 572 (33)

158 620 273 678 'lurcos
284 617 567 692 convertendorum,
579 619 706 678 civitatis
717 627 747 678 el
757 619 884 678 aliorum
896 621 1055 699 opidorum
1071 619 1192 678 nomine

119 733 122 738 ·
159 715 359 794 adimplenda.
377 717 552 796 conscripta
564 728 637 777 sunt
649 736 740 796 super
758 718 805 778 his
826 719 966 780 omnihus
987 731 1107 780 eentum
1128 719 1192 777 lere

160 826 192 876 et
208 817 311 894 viginti
324 817 440 896 publica
456 818 646 890 documenta,
664 817 701 877 ab
716 818 811 896 opidis
826 820 951 901 singulis
967 821 1061 899 legato
1076 817 1191 880 tradita.

202 919 253 976 llis
283 919 364 997 apud
390 921 602 980 monasterium
626 921 859 980 cartusiensium
886 921 996 980 civitati
1022 916 1447 1023 111011111111111Ιὲᾗῑίξξῗὲἱθῐξὲῗθῑὲεῑίῦ

159 1038 276 1079 summa
295 1020 444 1080 celeritate
461 1021 596 1098 peractis,
610 1022 734 1101 legatus,
756 1023 857 1082 ultima
877 1024 989 1082 mensis
1009 1021 1111 1099 aprilis
1134 1021 1192 1096 dic,
1435 1012 1440 1022 ’

160 1132 229 1202 post
255 1121 423 1192 meridiem,
445 1121 558 1200 ingenti
582 1140 688 1201 pompa
710 1132 739 1181 et
761 1123 1098 1202 omniumpopulorum
1120 1140 1191 1181 eon·

159 1239 248 1280 cursu
278 1222 425 1291 maximo,
450 1222 480 1281 in
506 1221 654 1282 civitatem
684 1232 838 1301 receptus,
863 1234 925 1285 toto
953 1224 1010 1286 sibi
1038 1225 1193 1285 assistente

160 1334 281 1401 patrum
301 1323 490 1382 ecclesiarum
510 1335 575 1382 ectu
599 1334 630 1382 et
651 1323 790 1383 universo
812 1325 900 1398 clero,
922 1325 953 1384 iu
979 1325 1049 1405 ipsis
1068 1325 1193 1384 civitatis

118 1483 120 1488 Α
160 1423 255 1502 portis
276 1423 317 1503 (l)
339 1420 532 1483 interdictum
555 1442 707 1484 sacrorum
729 1425 870 1485 substulit
895 1438 933 1499 et,
956 1426 1084 1504 quadam
1109 1426 1192 1486 brevi

158 1523 262 1583 cedula
278 1542 337 1601 que
352 1542 443 1602 super
459 1522 513 1583 bae
527 1543 560 1583 rc
575 1525 706 1584 conlecta
725 1537 788 1584 erat
804 1525 922 1604 publice
933 1526 1024 1600 lecta,
1041 1527 1192 1599 relaxavit,

158 1645 193 1684 ac
206 1644 274 1684 cum
285 1625 388 1684 clercis
399 1623 440 1703 (l)
453 1625 686 1697 contumacibus,
699 1625 845 1684 utdiviuis
858 1627 1081 1685 interesseetca
1093 1627 1193 1686 minis·

158 1736 241 1786 trare
254 1737 384 1802 possent,
397 1725 588 1804 dispensavit.
601 1727 751 1803 Sequutus
763 1735 808 1784 est
823 1735 890 1802 post
900 1724 955 1786 hee
970 1725 1047 1785 illico
1057 1727 1192 1786 omnium
1239 1733 1244 1744 ”

156 1826 285 1886 civitatis
301 1844 513 1902 campanarum
530 1844 631 1896 senua,
646 1844 705 1902 qus
723 1825 784 1902 jam
807 1825 935 1884 triennio
955 1825 1018 1884 iere
1039 1825 1192 1899 siluerant,

155 1935 260 2004 aperta
277 1927 386 2004 templa
406 1945 466 2004 que
490 1945 543 2003 per
562 1926 642 1985 idern
659 1935 776 2003 tempus
792 1927 952 1986 extiterant
967 1927 1064 1986 clausa
1079 1925 1193 2005 (paucis

153 2026 316 2085 admodum
333 2026 384 2105 qui
405 2037 506 2102 partes
528 2025 658 2104 episcopi
682 2025 801 2102 sequuti
823 2025 944 2085 luerunt
964 2037 1029 2104 post
1047 2026 1192 2087 devictam

152 2128 314 2198 civitatem,
331 2125 488 2204 patentia);
503 2127 622 2203 sequuti
636 2126 725 2185 etiam
741 2126 840 2206 magni
861 2126 913 2186 sed
929 2127 969 2206 pii
985 2137 1014 2185 et
1032 2126 1134 2186 dulces
1153 2128 1192 2187 ob

153 2233 307 2306 ingentem
324 2229 449 2287 leticiam
465 2229 610 2288 clamores
624 2239 653 2288 et
670 2229 809 2307 gemitus,
825 2247 858 2286 ac
875 2238 933 2287 tam
954 2227 1096 2305 frequens
1121 2248 1193 2288 can·

155 2349 262 2390 cursus
278 2338 306 2388 et
320 2331 394 2388 iesta
416 2340 448 2388 ut
464 2331 511 2388 vix
533 2330 665 2408 languet
683 2328 794 2388 diserto
816 2347 955 2388 sermone
974 2330 1101 2405 exprimi
1123 2309 1191 2407 pos·
1217 2336 1220 2342 ’
1298 2313 1302 2324 ’

155 2444 234 2506 sent,
249 2451 328 2490 nune
342 2431 542 2506 obmictenda,
557 2433 621 2491 aliis
633 2431 821 2510 gravioribus
838 2431 1018 2508 explicandis
1035 2432 1150 2490 intenti.

199 2532 366 2592 Celebravit
381 2533 539 2612 episcopus
554 2531 690 2610 sequenti
706 2529 764 2604 dic,
781 2531 877 2609 prima
893 2531 971 2603 maii,
987 2550 1053 2590 eum
1077 2540 1269 2588 summatem
1300 2539 1322 2584 in
1344 2538 1449 2605 Ι11111111

156 2635 356 2695 sollemnitate
368 2635 499 2706 missam,
508 2653 566 2709 quc
578 2633 673 2711 prima
690 2631 801 2707 (saltim
813 2629 943 2710 publice)
955 2630 1021 2703 luit,
1035 2640 1064 2690 et
1075 2608 1191 2690 sacrum
1221 2597 1350 2701 {qq-regau
1362 2608 1448 2653 agres-

157 2735 268 2794 Christi
283 2753 393 2813 rorpus
404 2735 480 2792 cirea
492 2734 643 2793 ecclesiam
655 2740 685 2791 ct
700 2733 799 2790 lorum
813 2731 942 2810 propriis
956 2731 1090 2790 trranibus
1105 2731 1192 2790 detu-

117 2878 122 2883 -
156 2837 201 2908 lit,
222 2838 360 2896 universo
376 2836 455 2895 clero
478 2844 508 2894 et
528 2835 639 2914 populo
660 2832 865 2910 sequentibus,
881 2834 941 2891 Hoc
956 2832 1034 2891 idem
1055 2831 1191 2908 sequenti

155 2940 233 2999 sesto
258 2941 446 2997 Pentecostcs
468 2937 582 3016 legatus
604 2937 678 3014 egit,
702 2936 855 2994 seniorum
881 2933 977 2994 fretus
1003 2935 1138 3008 consilio,
1161 2944 1192 2993 ut

156 3040 238 3100 seror
254 3039 391 3119 populus,
407 3039 497 3098 aruris
514 3048 662 3112 assuetus,
678 3036 829 3114 irequcnt'i
844 3035 988 3115 religione
1001 3036 1191 3094 mulceretur.

119 3179 120 3182 =
200 3143 261 3202 lloe
284 3142 381 3202 medio
404 3151 549 3220 tempore,
571 3159 639 3202 cum
661 3141 775 3218 legatus
796 3159 856 3200 una
876 3158 944 3198 eum
967 3141 1038 3198 cleri
1054 3151 1083 3199 ct
1098 3139 1192 3217 patrie

157 3243 328 3304 senioribus
355 3243 562 3303 reformationi
584 3259 687 3301 rerum
715 3249 746 3300 et
773 3241 849 3300 male
874 3239 1040 3300 ablatorum
1066 3240 1191 3299 invicem

156 3341 398 3404 restitutionibus
409 3361 442 3400 ae
456 3343 521 3400 aliis
537 3338 768 3420 particularibus
780 3339 870 3398 rebus
882 3339 1014 3398 intentus
1025 3349 1111 3408 esset,
1126 3356 1194 3396 con·

158 3443 319 3502 veniebant
334 3441 507 3502 successivis
522 3440 628 3501 diebus
642 3441 680 3499 ad
696 3458 764 3499 eum
781 3441 938 3518 episcopus
953 3450 982 3498 et
1002 3437 1191 3498 ecclesiarum

158 3555 256 3624 patres
268 3563 301 3602 ac
312 3544 439 3604 civitatis
452 3554 480 3602 et
492 3545 651 3621 opidorum
666 3541 761 3619 patrie
775 3543 924 3619 primates,
939 3540 1073 3618 plerique
1087 3539 1190 3616 palam,

116 3855 120 3862 ·
188 3826 225 3888 (t)
245 3828 261 3875 ll
275 3827 348 3888 s'agit
359 3826 550 3888 probantement
564 3827 595 3874 de
608 3827 628 3874 la
643 3825 903 3888 [rorted'dmercoeur.
914 3821 976 3870 lara
995 3836 1025 3868 os
1045 3821 1116 3881 Lora,
1128 3823 1190 3866 1111111ι

156 3911 265 3973 11111111,
279 3910 441 3969 Documenta,
456 3919 515 3968 etc„
525 3925 548 3973 p.
559 3911 599 3972 56,
613 3912 696 3961 donne
708 3915 786 3974 porte
797 3911 887 3958 auruli
899 3908 994 3956 cordr's.

191 3995 227 4060 (⁰2)
248 3998 318 4048 Lisez
330 3998 438 4048 clericis.
