3102 4914
816 423 919 522 (Ἡ

244 647 245 650 ¹
345 572 424 651 (cum
445 568 474 629 id
489 585 571 628 sacro
590 575 640 625 tue
669 563 837 632 Sanctitatis
859 563 971 642 judicio
992 566 1184 643 reservetur),
1206 567 1256 626 sed
1279 579 1312 628 ut
1334 569 1378 628 rei

345 672 500 731 veritatem
526 667 670 727 deducam
691 655 721 724 in
751 665 899 742 publicam
920 665 1158 743 notionemque
1179 687 1194 726 a
1217 667 1378 746 plerisque,

344 792 413 832 suos
432 771 555 831 affectus
574 767 705 846 privatos
727 767 931 844 sequentibus,
949 775 983 826 ut
1002 768 1109 839 sentio,
1124 768 1214 828 variis
1230 769 1316 848 nugis
1333 767 1376 849 (l)

346 871 487 932 labefacta
511 879 556 931 est
579 878 610 927 et
635 866 811 927 inauribus
834 867 988 927 bominum
1011 868 1114 945 iniquc
1134 877 1164 928 et
1182 869 1318 939 obscure,
1339 889 1376 928 ne

344 974 438 1034 dicam
460 971 543 1044 salse,
558 968 676 1028 dillusa.
696 967 868 1028 Desiderari
893 969 1068 1047 plurimum,
1087 971 1186 1029 iusteti
1209 980 1238 1028 et
1260 970 1375 1047 pulsavi

346 1073 533 1153 frequentius
549 1070 628 1150 apim
648 1088 735 1129 aures
751 1069 941 1130 illustrissimi
963 1071 1106 1150 principis
1121 1071 1226 1142 Caroli,
1241 1074 1379 1149 burgun-

347 1177 479 1247 dionum,
491 1182 557 1248 etc,
571 1172 664 1242 ducis,
680 1172 730 1248 qut
747 1181 829 1231 tante
844 1157 969 1232 civitatis
986 1173 1073 1232 ruine
1087 1182 1117 1232 et
1132 1173 1260 1234 incendii
1276 1185 1380 1233 auctor

346 1285 377 1335 et
391 1281 523 1353 patrator
536 1271 633 1331 extitit
648 1271 689 1350 (et
708 1271 744 1331 ad
759 1290 859 1348 quem,
871 1291 925 1351 pro
941 1271 1073 1350 ejusdem
1089 1273 1215 1332 civitatis
1228 1283 1257 1333 ct
1264 1273 1380 1350 jurium

347 1379 479 1436 Romane
497 1373 617 1434 ecclesie
637 1372 741 1444 salute,
762 1391 816 1451 per
834 1373 1024 1434 sanctitatem
1042 1386 1123 1433 tuam
1146 1375 1254 1434 missus
1276 1360 1327 1441 fui.
1351 1385 1380 1436 et

349 1478 412 1554 qui,
439 1495 487 1535 me
503 1474 572 1553 jura
595 1473 716 1533 ecclesie
737 1474 901 1534 seeundum
914 1474 995 1552 jussa
1014 1486 1063 1533 tuc
1089 1476 1258 1534 sanctitatis
1278 1494 1381 1554 prose-

348 1586 469 1655 quente,
483 1594 542 1635 tina
558 1593 625 1633 eum
645 1575 833 1635 serenissimo
847 1577 875 1634 b.
890 1573 941 1655 (⁶2),
958 1576 1138 1635 Francorum
1155 1595 1233 1656 rege,
1252 1575 1381 1660 addicto
1455 1651 1460 1658 x

348 1677 474 1737 civitatis
492 1675 639 1735 excidium
655 1676 737 1733 venit
763 1684 792 1734 et
817 1693 891 1750 earn,
917 1693 971 1753 per
996 1693 1044 1736 me
1065 1675 1177 1752 absque
1203 1675 1280 1735 bello
1297 1677 1381 1736 obla·

350 1789 419 1850 tam,
438 1774 604 1846 subccndit,
626 1775 774 1835 destruxit
798 1784 828 1834 et
845 1775 1043 1855 depopulatus
1064 1776 1131 1854 est),
1161 1787 1284 1855 proptor
1306 1778 1383 1836 mul-

352 1891 450 1938 torum
485 1876 651 1952 vaniloquia
687 1876 895 1954 garrientium,
926 1885 1097 1954 magnatum
1127 1887 1158 1935 ct
1186 1876 1383 1954 plebeiorum,

352 1977 538 2056 opinantium
554 1996 585 2036 se
601 1976 676 2035 scire
691 1995 750 2053 qrre
765 1976 912 2050 nesciunt,
929 1986 961 2036 ut
979 1977 1146 2036 convocatis
1166 1977 1338 2054 proceribus
1354 1990 1385 2037 et

297 2073 298 2078 ’
352 2077 545 2156 optimatibus
561 2077 633 2148 suis,
646 2076 785 2136 audirent
798 2095 845 2136 mc
856 2078 955 2136 omnic
971 2077 1035 2136 lraec
1049 2095 1148 2138 coram
1162 2075 1202 2156 (5)
1214 2077 1303 2137 verba
1316 2097 1386 2158 pro·

353 2179 510 2249 ferentem,
528 2195 595 2235 cum
617 2177 745 2255 plurima
762 2177 942 2254 sciremque
964 2177 1036 2256 ipsis
1056 2171 1142 2237 erant
1157 2188 1187 2237 et
1201 2179 1298 2238 adbuc
1312 2191 1385 2239 sunt

354 2278 462 2358 ignota,
485 2277 619 2336 etmulti
647 2287 718 2336 tuuc
742 2277 880 2338 adessent
900 2278 952 2354 qui
979 2277 1114 2357 pluribus
1135 2279 1165 2337 in
1186 2299 1219 2338 ea
1241 2281 1383 2358 regestis

354 2377 563 2450 interfuerant,
583 2377 711 2437 maxime
737 2397 803 2437 eum
831 2387 901 2437 tune
926 2379 1076 2438 recentior
1104 2381 1381 2458 rerumgestarum

354 2481 495 2540 memoria
511 2490 539 2538 et
554 2479 667 2539 acutior
681 2479 804 2558 spiritus
820 2478 850 2539 in
866 2480 909 2539 eis
925 2480 1106 2559 explicandis
1121 2482 1271 2542 existeret.
1286 2483 1383 2542 lneer-

355 2591 418 2640 tum
440 2587 540 2640 autem
563 2578 657 2640 babeo
677 2599 732 2640 cur
753 2581 783 2641 id
805 2580 1023 2640 dissimulatum
1045 2580 1151 2652 luerit3
1167 2583 1268 2656 immo,
1285 2584 1397 2660 primo·

354 2700 409 2760 per
431 2682 532 2761 plures
554 2701 590 2742 ex
612 2682 795 2757 consiliariis,
820 2680 942 2742 demum
963 2701 1035 2743 vero
1052 2701 1105 2760 per
1124 2684 1222 2762 ipsum
1238 2684 1384 2744 illustrem

355 2777 530 2862 principem,
550 2782 622 2862 ipsis
647 2784 845 2861 presentibus,
865 2782 938 2842 mibi
957 2783 1069 2844 dictum
1092 2802 1151 2844 non
1174 2793 1315 2864 oportere
1337 2804 1384 2846 me

352 2884 509 2944 actcndcre
524 2881 564 2964 (l)
592 2902 646 2943 nec
677 2885 790 2953 moveri
817 2883 957 2944 inanibus
974 2884 1054 2962 vulgi
1069 2884 1169 2944 verbis
1183 2896 1212 2944 et
1227 2883 1385 2945 hominum
1434 2876 1436 2880 ⁸

354 2984 523 3046 deditorum
539 2982 574 3041 ad
592 2981 723 3062 predam,
739 2985 867 3061 quinon
883 2983 979 3043 solum
1006 2983 1043 3042 de
1071 2982 1244 3044 bominibus
1267 2992 1296 3044 et
1321 2985 1385 3061 ipso

355 3086 489 3166 principe
508 3103 623 3159 eorum,
645 3084 696 3144 sed
722 3085 810 3144 etiam
834 3085 871 3144 de
892 3087 954 3144 Deo
978 3083 1153 3161 maleloqui
1174 3097 1384 3158 consuescunt,

316 3177 320 3186 ’
354 3204 421 3246 eum
443 3183 570 3265 ipsemet
590 3195 691 3244 certus
711 3183 788 3243 foret
811 3203 858 3244 me
879 3202 982 3244 omnes
1003 3185 1131 3259 labores,
1153 3205 1238 3245 curas
1261 3193 1290 3244 et
1315 3185 1385 3244 dili·

354 3285 467 3366 gentius
489 3283 638 3371 exibuisse
659 3282 696 3343 ad
716 3302 817 3364 pacem
838 3293 867 3344 et
887 3284 1075 3346 concordiam
1091 3284 1316 3363 perficiendam,
1331 3283 1382 3346 scd
1431 3353 1434 3358 ,

387 3573 422 3633 (l)
440 3569 523 3633 Nupta
536 3571 615 3632 paralt
625 3570 696 3619 avoir
708 3570 741 3620 ici
753 3571 775 3620 le
784 3583 841 3620 sens
851 3570 882 3620 de
895 3582 1054 3632 meusonges.

387 3657 423 3718 (2)
441 3655 541 3706 Scilicet
552 3655 686 3705 ludovico.
700 3654 775 3704 Leuis
787 3654 829 3704 lll.

388 3744 424 3802 (ὅ)
441 3740 878 3804 Coram(odverbel,ouvertemeut.

388 3826 423 3889 (4)
440 3826 491 3876 Sic.
504 3823 642 3876 L’ecrivain
655 3825 805 3875 transtorme
816 3838 848 3874 en
860 3823 906 3874 ele
914 3822 1024 3886 premier
1033 3821 1113 3872 tdaus
1123 3821 1160 3872 les
1173 3821 1306 3872 veruesca
1316 3826 1386 3872 cette

356 3913 471 3964 derniere
482 3912 557 3962 lettre
570 3925 596 3962 se
607 3918 696 3962 trouve.
705 3910 856 3961 redcublde:
869 3910 980 3970 mictcrc,
990 3907 1135 3969 obmietere,
1145 3914 1193 3958 etc.
