<?xml version="1.0" encoding="UTF-8"?>
<!DOCTYPE html PUBLIC "-//W3C//DTD XHTML 1.0 Transitional//EN"
    "http://www.w3.org/TR/xhtml1/DTD/xhtml1-transitional.dtd">
<html xmlns="http://www.w3.org/1999/xhtml" xml:lang="en" lang="en">
 <head>
  <title>
</title>
<meta http-equiv="Content-Type" content="text/html;charset=utf-8" />
  <meta name='ocr-system' content='tesseract 3.04.00' />
  <meta name='ocr-capabilities' content='ocr_page ocr_carea ocr_par ocr_line ocrx_word'/>
</head>
<body>
  <div class='ocr_page' id='page_1' title='image "./mmoiredulgatonu00bormgoog_0204.png"; bbox 0 0 3126 4906; ppageno 0'>
   <div class='ocr_carea' id='block_1_1' title="bbox 603 423 754 528">
    <p class='ocr_par' dir='ltr' id='par_1_1' title="bbox 603 423 754 528">
     <span class='ocr_line' id='line_1_1' title="bbox 603 423 754 528; baseline 0.013 -33"><span class='ocrx_word' id='word_1_1' title='bbox 603 423 710 521; x_wconf 80' lang='lat' dir='ltr'><strong>(rot</strong></span> <span class='ocrx_word' id='word_1_2' title='bbox 735 426 754 528; x_wconf 11' lang='lat' dir='ltr'><strong>y)</strong></span> 
     </span>
    </p>
   </div>
   <div class='ocr_carea' id='block_1_2' title="bbox 17 561 1284 3169">
    <p class='ocr_par' dir='ltr' id='par_1_2' title="bbox 17 561 1284 3169">
     <span class='ocr_line' id='line_1_2' title="bbox 156 561 1192 643; baseline 0.003 -17"><span class='ocrx_word' id='word_1_3' title='bbox 156 573 187 626; x_wconf 82' lang='lat' dir='ltr'><strong>el</strong></span> <span class='ocrx_word' id='word_1_4' title='bbox 209 563 335 643; x_wconf 81' lang='lat' dir='ltr'><strong>palustri</strong></span> <span class='ocrx_word' id='word_1_5' title='bbox 355 581 449 624; x_wconf 83' lang='lat' dir='ltr'><strong>canno</strong></span> <span class='ocrx_word' id='word_1_6' title='bbox 468 571 621 637; x_wconf 79' lang='lat' dir='ltr'><strong>coritexto,</strong></span> <span class='ocrx_word' id='word_1_7' title='bbox 642 563 715 624; x_wconf 86' lang='lat' dir='ltr'><strong>latet</strong></span> <span class='ocrx_word' id='word_1_8' title='bbox 728 562 771 640; x_wconf 83' lang='lat' dir='ltr'><strong>(l)</strong></span> <span class='ocrx_word' id='word_1_9' title='bbox 783 561 870 623; x_wconf 87' lang='lat' dir='ltr'><strong>iussis</strong></span> <span class='ocrx_word' id='word_1_10' title='bbox 889 573 920 624; x_wconf 89' lang='lat' dir='ltr'><strong>et</strong></span> <span class='ocrx_word' id='word_1_11' title='bbox 945 575 1036 643; x_wconf 83' lang='lat' dir='ltr'><strong>ponte</strong></span> <span class='ocrx_word' id='word_1_12' title='bbox 1062 567 1192 642; x_wconf 71' lang='lat' dir='ltr'><strong>munitua</strong></span> 
     </span>
     <span class='ocr_line' id='line_1_3' title="bbox 157 663 1192 744; baseline 0.006 -18"><span class='ocrx_word' id='word_1_13' title='bbox 157 683 227 726; x_wconf 86' lang='lat' dir='ltr'><strong>curn</strong></span> <span class='ocrx_word' id='word_1_14' title='bbox 252 664 311 725; x_wconf 89' lang='lat' dir='ltr'><strong>illis</strong></span> <span class='ocrx_word' id='word_1_15' title='bbox 334 673 464 744; x_wconf 88' lang='lat' dir='ltr'><strong>quatuor</strong></span> <span class='ocrx_word' id='word_1_16' title='bbox 484 672 536 723; x_wconf 87' lang='lat' dir='ltr'><strong>aot</strong></span> <span class='ocrx_word' id='word_1_17' title='bbox 556 665 690 742; x_wconf 88' lang='lat' dir='ltr'><strong>quinque</strong></span> <span class='ocrx_word' id='word_1_18' title='bbox 715 663 787 736; x_wconf 79' lang='lat' dir='ltr'><strong>suis‘,</strong></span> <span class='ocrx_word' id='word_1_19' title='bbox 810 675 839 724; x_wconf 90' lang='lat' dir='ltr'><strong>et</strong></span> <span class='ocrx_word' id='word_1_20' title='bbox 860 665 976 729; x_wconf 79' lang='lat' dir='ltr'><strong>losnne</strong></span> <span class='ocrx_word' id='word_1_21' title='bbox 1000 667 1038 732; x_wconf 85' lang='lat' dir='ltr'><strong>de</strong></span> <span class='ocrx_word' id='word_1_22' title='bbox 1062 669 1192 742; x_wconf 71' lang='lat' dir='ltr'><strong>Quercm</strong></span> 
     </span>
     <span class='ocr_line' id='line_1_4' title="bbox 156 753 1043 828; baseline -0.002 0"><span class='ocrx_word' id='word_1_23' title='bbox 156 767 303 828; x_wconf 80' lang='lat' dir='ltr'><strong>canonico</strong></span> <span class='ocrx_word' id='word_1_24' title='bbox 318 765 482 826; x_wconf 83' lang='lat' dir='ltr'><strong>beodiensi.</strong></span> <span class='ocrx_word' id='word_1_25' title='bbox 544 777 547 780; x_wconf 84' lang='grc'><strong>’</strong></span> <span class='ocrx_word' id='word_1_26' title='bbox 732 753 735 758; x_wconf 64' lang='grc'><strong>’</strong></span> <span class='ocrx_word' id='word_1_27' title='bbox 1041 819 1043 826; x_wconf 85' lang='grc'>.</span> 
     </span>
     <span class='ocr_line' id='line_1_5' title="bbox 200 865 1194 946; baseline 0.004 -18"><span class='ocrx_word' id='word_1_28' title='bbox 200 867 354 928; x_wconf 84' lang='lat' dir='ltr'><strong>Dissensio</strong></span> <span class='ocrx_word' id='word_1_29' title='bbox 368 868 495 928; x_wconf 74' lang='lat' dir='ltr'><strong>maxims</strong></span> <span class='ocrx_word' id='word_1_30' title='bbox 510 878 575 926; x_wconf 87' lang='lat' dir='ltr'><strong>erot</strong></span> <span class='ocrx_word' id='word_1_31' title='bbox 588 867 668 926; x_wconf 88' lang='lat' dir='ltr'><strong>inter</strong></span> <span class='ocrx_word' id='word_1_32' title='bbox 687 865 866 946; x_wconf 83' lang='lat' dir='ltr'><strong>Burgundos</strong></span> <span class='ocrx_word' id='word_1_33' title='bbox 880 869 1102 934; x_wconf 31' lang='lat' dir='ltr'><strong>et‘Leodicnses</strong></span> <span class='ocrx_word' id='word_1_34' title='bbox 1120 889 1194 934; x_wconf 81' lang='lat' dir='ltr'><strong>exu-</strong></span> 
     </span>
     <span class='ocr_line' id='line_1_6' title="bbox 158 956 1284 1051; baseline 0.004 -23"><span class='ocrx_word' id='word_1_35' title='bbox 158 970 202 1030; x_wconf 84' lang='lat' dir='ltr'><strong>les</strong></span> <span class='ocrx_word' id='word_1_36' title='bbox 211 967 353 1048; x_wconf 80' lang='lat' dir='ltr'><strong>(quorum</strong></span> <span class='ocrx_word' id='word_1_37' title='bbox 367 968 444 1028; x_wconf 88' lang='lat' dir='ltr'><strong>oltra</strong></span> <span class='ocrx_word' id='word_1_38' title='bbox 456 967 536 1026; x_wconf 89' lang='lat' dir='ltr'><strong>mille</strong></span> <span class='ocrx_word' id='word_1_39' title='bbox 548 977 600 1026; x_wconf 86' lang='lat' dir='ltr'><strong>out</strong></span> <span class='ocrx_word' id='word_1_40' title='bbox 610 966 678 1044; x_wconf 89' lang='lat' dir='ltr'><strong>plus</strong></span> <span class='ocrx_word' id='word_1_41' title='bbox 690 970 719 1026; x_wconf 92' lang='lat' dir='ltr'><strong>in</strong></span> <span class='ocrx_word' id='word_1_42' title='bbox 733 965 779 1028; x_wconf 88' lang='lat' dir='ltr'><strong>his</strong></span> <span class='ocrx_word' id='word_1_43' title='bbox 790 969 894 1028; x_wconf 86' lang='lat' dir='ltr'><strong>eastris</strong></span> <span class='ocrx_word' id='word_1_44' title='bbox 905 969 942 1034; x_wconf 91' lang='lat' dir='ltr'><strong>de</strong></span> <span class='ocrx_word' id='word_1_45' title='bbox 952 956 1035 1032; x_wconf 86' lang='lat' dir='ltr'><strong>Foux</strong></span> <span class='ocrx_word' id='word_1_46' title='bbox 1047 969 1145 1051; x_wconf 84' lang='lat' dir='ltr'><strong>erent)</strong></span> <span class='ocrx_word' id='word_1_47' title='bbox 1156 991 1192 1034; x_wconf 84' lang='lat' dir='ltr'><strong>er</strong></span> <span class='ocrx_word' id='word_1_48' title='bbox 1278 958 1284 962; x_wconf 46' lang='grc'><strong>’</strong></span> 
     </span>
     <span class='ocr_line' id='line_1_7' title="bbox 157 1067 1192 1148; baseline 0.004 -20"><span class='ocrx_word' id='word_1_49' title='bbox 157 1087 193 1128; x_wconf 86' lang='lat' dir='ltr'><strong>ca</strong></span> <span class='ocrx_word' id='word_1_50' title='bbox 204 1086 291 1128; x_wconf 83' lang='lat' dir='ltr'><strong>causa</strong></span> <span class='ocrx_word' id='word_1_51' title='bbox 303 1087 310 1128; x_wconf 93' lang='lat'><strong>:</strong></span> <span class='ocrx_word' id='word_1_52' title='bbox 320 1081 388 1127; x_wconf 91' lang='lat' dir='ltr'><strong>nam</strong></span> <span class='ocrx_word' id='word_1_53' title='bbox 401 1080 470 1128; x_wconf 84' lang='lat' dir='ltr'><strong>cu&#39;m</strong></span> <span class='ocrx_word' id='word_1_54' title='bbox 482 1067 636 1146; x_wconf 75' lang='lat' dir='ltr'><strong>Burgundi</strong></span> <span class='ocrx_word' id='word_1_55' title='bbox 646 1067 837 1128; x_wconf 87' lang='lat' dir='ltr'><strong>armatialios</strong></span> <span class='ocrx_word' id='word_1_56' title='bbox 847 1069 1011 1134; x_wconf 75' lang='lat' dir='ltr'><strong>excitarent</strong></span> <span class='ocrx_word' id='word_1_57' title='bbox 1021 1071 1059 1131; x_wconf 80' lang='lat' dir='ltr'><strong>ed</strong></span> <span class='ocrx_word' id='word_1_58' title='bbox 1070 1069 1192 1148; x_wconf 84' lang='lat' dir='ltr'><strong>bellum,</strong></span> 
     </span>
     <span class='ocr_line' id='line_1_8' title="bbox 158 1154 1193 1246; baseline 0.005 -18"><span class='ocrx_word' id='word_1_59' title='bbox 158 1154 281 1230; x_wconf 77' lang='lat' dir='ltr'><strong>offensis</strong></span> <span class='ocrx_word' id='word_1_60' title='bbox 295 1166 448 1246; x_wconf 80' lang='lat' dir='ltr'>aliquibus</span> <span class='ocrx_word' id='word_1_61' title='bbox 460 1186 496 1228; x_wconf 86' lang='lat' dir='ltr'><strong>ex</strong></span> <span class='ocrx_word' id='word_1_62' title='bbox 516 1167 720 1227; x_wconf 73' lang='lat' dir='ltr'><strong>leodiensium</strong></span> <span class='ocrx_word' id='word_1_63' title='bbox 737 1168 874 1229; x_wconf 79' lang='lat' dir='ltr'><strong>exulibus</strong></span> <span class='ocrx_word' id='word_1_64' title='bbox 889 1169 919 1228; x_wconf 91' lang='lat' dir='ltr'><strong>in</strong></span> <span class='ocrx_word' id='word_1_65' title='bbox 935 1170 1068 1232; x_wconf 85' lang='lat' dir='ltr'><strong>tenebris</strong></span> <span class='ocrx_word' id='word_1_66' title='bbox 1087 1173 1193 1244; x_wconf 85' lang='lat' dir='ltr'><strong>noctis,</strong></span> 
     </span>
     <span class='ocr_line' id='line_1_9' title="bbox 157 1267 1193 1352; baseline 0.007 -25"><span class='ocrx_word' id='word_1_67' title='bbox 157 1285 226 1328; x_wconf 90' lang='lat' dir='ltr'><strong>cum</strong></span> <span class='ocrx_word' id='word_1_68' title='bbox 239 1286 275 1328; x_wconf 81' lang='lat' dir='ltr'><strong>cx</strong></span> <span class='ocrx_word' id='word_1_69' title='bbox 284 1285 368 1330; x_wconf 87' lang='lat' dir='ltr'><strong>moro</strong></span> <span class='ocrx_word' id='word_1_70' title='bbox 380 1267 583 1346; x_wconf 74' lang='lat' dir='ltr'><strong>interogarcnt</strong></span> <span class='ocrx_word' id='word_1_71' title='bbox 591 1267 661 1350; x_wconf 81' lang='lat' dir='ltr'><strong>quio</strong></span> <span class='ocrx_word' id='word_1_72' title='bbox 673 1269 774 1328; x_wconf 75' lang='lat' dir='ltr'><strong>vivut?</strong></span> <span class='ocrx_word' id='word_1_73' title='bbox 782 1269 847 1330; x_wconf 88' lang='lat' dir='ltr'><strong>illos</strong></span> <span class='ocrx_word' id='word_1_74' title='bbox 859 1271 900 1329; x_wconf 94' lang='lat' dir='ltr'><strong>nil</strong></span> <span class='ocrx_word' id='word_1_75' title='bbox 911 1271 991 1333; x_wconf 83' lang='lat' dir='ltr'><strong>eliud</strong></span> <span class='ocrx_word' id='word_1_76' title='bbox 1004 1271 1193 1352; x_wconf 83' lang='lat' dir='ltr'><strong>respondisse</strong></span> 
     </span>
     <span class='ocr_line' id='line_1_10' title="bbox 156 1367 1193 1452; baseline 0.005 -23"><span class='ocrx_word' id='word_1_77' title='bbox 156 1369 364 1448; x_wconf 72' lang='lat' dir='ltr'><strong>querebantur</strong></span> <span class='ocrx_word' id='word_1_78' title='bbox 378 1387 468 1445; x_wconf 81' lang='lat' dir='ltr'><strong>quem</strong></span> <span class='ocrx_word' id='word_1_79' title='bbox 483 1367 549 1430; x_wconf 87' lang='lat' dir='ltr'><strong>bom</strong></span> <span class='ocrx_word' id='word_1_80' title='bbox 573 1369 649 1430; x_wconf 87' lang='lat' dir='ltr'><strong>bom.</strong></span> <span class='ocrx_word' id='word_1_81' title='bbox 664 1367 748 1438; x_wconf 89' lang='lat' dir='ltr'><strong>bom;</strong></span> <span class='ocrx_word' id='word_1_82' title='bbox 763 1381 792 1430; x_wconf 89' lang='lat' dir='ltr'><strong>ct</strong></span> <span class='ocrx_word' id='word_1_83' title='bbox 816 1371 855 1430; x_wconf 92' lang='lat' dir='ltr'><strong>ob</strong></span> <span class='ocrx_word' id='word_1_84' title='bbox 873 1371 928 1432; x_wconf 91' lang='lat' dir='ltr'><strong>hoc</strong></span> <span class='ocrx_word' id='word_1_85' title='bbox 943 1390 993 1432; x_wconf 89' lang='lat' dir='ltr'><strong>cos</strong></span> <span class='ocrx_word' id='word_1_86' title='bbox 1014 1369 1193 1452; x_wconf 76' lang='lat' dir='ltr'><strong>proditionis</strong></span> 
     </span>
     <span class='ocr_line' id='line_1_11' title="bbox 158 1469 1195 1552; baseline 0.004 -22"><span class='ocrx_word' id='word_1_87' title='bbox 158 1469 374 1532; x_wconf 83' lang='lat' dir='ltr'><strong>insimulabant</strong></span> <span class='ocrx_word' id='word_1_88' title='bbox 388 1481 497 1530; x_wconf 87' lang='lat' dir='ltr'><strong>etcum</strong></span> <span class='ocrx_word' id='word_1_89' title='bbox 511 1469 626 1530; x_wconf 88' lang='lat' dir='ltr'><strong>civibus</strong></span> <span class='ocrx_word' id='word_1_90' title='bbox 640 1469 702 1530; x_wconf 91' lang='lat' dir='ltr'><strong>aliis</strong></span> <span class='ocrx_word' id='word_1_91' title='bbox 714 1469 927 1532; x_wconf 83' lang='lat' dir='ltr'><strong>Leodiensibns</strong></span> <span class='ocrx_word' id='word_1_92' title='bbox 938 1474 1111 1552; x_wconf 86' lang='lat' dir='ltr'><strong>conspirare</strong></span> <span class='ocrx_word' id='word_1_93' title='bbox 1125 1491 1195 1536; x_wconf 90' lang='lat' dir='ltr'><strong>con-</strong></span> 
     </span>
     <span class='ocr_line' id='line_1_12' title="bbox 17 1572 1189 1658; baseline 0.005 -26"><span class='ocrx_word' id='word_1_94' title='bbox 17 1641 20 1658; x_wconf 27' lang='grc' dir='ltr'>ζ</span> <span class='ocrx_word' id='word_1_95' title='bbox 154 1585 203 1633; x_wconf 88' lang='lat' dir='ltr'><strong>tra</strong></span> <span class='ocrx_word' id='word_1_96' title='bbox 235 1572 424 1652; x_wconf 34' lang='lat' dir='ltr'><strong>Burg1undos3</strong></span> <span class='ocrx_word' id='word_1_97' title='bbox 450 1591 543 1650; x_wconf 86' lang='lat' dir='ltr'><strong>qnare</strong></span> <span class='ocrx_word' id='word_1_98' title='bbox 563 1572 725 1632; x_wconf 82' lang='lat' dir='ltr'><strong>censebant</strong></span> <span class='ocrx_word' id='word_1_99' title='bbox 746 1572 831 1632; x_wconf 87' lang='lat' dir='ltr'><strong>multi</strong></span> <span class='ocrx_word' id='word_1_100' title='bbox 857 1573 929 1633; x_wconf 88' lang='lat' dir='ltr'><strong>alios</strong></span> <span class='ocrx_word' id='word_1_101' title='bbox 955 1575 1189 1654; x_wconf 76' lang='lat' dir='ltr'><strong>Burgundorum</strong></span> 
     </span>
     <span class='ocr_line' id='line_1_13' title="bbox 101 1672 1194 1757; baseline 0.002 -22.857"><span class='ocrx_word' id='word_1_102' title='bbox 101 1684 105 1688; x_wconf 88' lang='grc'><strong>’</strong></span> <span class='ocrx_word' id='word_1_103' title='bbox 159 1676 250 1736; x_wconf 87' lang='lat' dir='ltr'><strong>duces</strong></span> <span class='ocrx_word' id='word_1_104' title='bbox 269 1674 307 1734; x_wconf 88' lang='lat' dir='ltr'><strong>ad</strong></span> <span class='ocrx_word' id='word_1_105' title='bbox 328 1692 360 1734; x_wconf 91' lang='lat' dir='ltr'><strong>se</strong></span> <span class='ocrx_word' id='word_1_106' title='bbox 381 1673 527 1733; x_wconf 87' lang='lat' dir='ltr'><strong>vocandos</strong></span> <span class='ocrx_word' id='word_1_107' title='bbox 549 1681 579 1733; x_wconf 85' lang='lat' dir='ltr'><strong>et</strong></span> <span class='ocrx_word' id='word_1_108' title='bbox 600 1672 805 1732; x_wconf 76' lang='lat' dir='ltr'><strong>leodiensium</strong></span> <span class='ocrx_word' id='word_1_109' title='bbox 825 1673 927 1734; x_wconf 87' lang='lat' dir='ltr'><strong>exules</strong></span> <span class='ocrx_word' id='word_1_110' title='bbox 947 1675 984 1734; x_wconf 84' lang='lat' dir='ltr'><strong>od</strong></span> <span class='ocrx_word' id='word_1_111' title='bbox 1007 1694 1101 1736; x_wconf 91' lang='lat' dir='ltr'><strong>unum</strong></span> <span class='ocrx_word' id='word_1_112' title='bbox 1117 1677 1194 1757; x_wconf 82' lang='lat' dir='ltr'><strong>vigi-</strong></span> 
     </span>
     <span class='ocr_line' id='line_1_14' title="bbox 17 1771 1194 1854; baseline 0.003 -20"><span class='ocrx_word' id='word_1_113' title='bbox 17 1771 20 1790; x_wconf 66' lang='lat'><em>*</em></span> <span class='ocrx_word' id='word_1_114' title='bbox 158 1773 274 1850; x_wconf 78' lang='lat' dir='ltr'><strong>londos,</strong></span> <span class='ocrx_word' id='word_1_115' title='bbox 288 1773 485 1854; x_wconf 79' lang='lat' dir='ltr'><strong>fecissentque</strong></span> <span class='ocrx_word' id='word_1_116' title='bbox 495 1773 582 1845; x_wconf 86' lang='lat' dir='ltr'><strong>illico,</strong></span> <span class='ocrx_word' id='word_1_117' title='bbox 599 1771 622 1832; x_wconf 91' lang='lat' dir='ltr'><strong>si</strong></span> <span class='ocrx_word' id='word_1_118' title='bbox 636 1791 762 1834; x_wconf 87' lang='lat' dir='ltr'><strong>numero</strong></span> <span class='ocrx_word' id='word_1_119' title='bbox 774 1771 875 1852; x_wconf 88' lang='lat' dir='ltr'><strong>plures</strong></span> <span class='ocrx_word' id='word_1_120' title='bbox 885 1784 915 1834; x_wconf 88' lang='lat' dir='ltr'><strong>et</strong></span> <span class='ocrx_word' id='word_1_121' title='bbox 927 1774 1066 1836; x_wconf 83' lang='lat' dir='ltr'><strong>fortiores</strong></span> <span class='ocrx_word' id='word_1_122' title='bbox 1078 1776 1194 1838; x_wconf 80' lang='lat' dir='ltr'><strong>viribus</strong></span> 
     </span>
     <span class='ocr_line' id='line_1_15' title="bbox 159 1873 1194 1952; baseline 0.003 -17"><span class='ocrx_word' id='word_1_123' title='bbox 159 1875 343 1949; x_wconf 78' lang='lat' dir='ltr'><strong>extitissent3</strong></span> <span class='ocrx_word' id='word_1_124' title='bbox 356 1874 526 1936; x_wconf 86' lang='lat' dir='ltr'><strong>sedillustri</strong></span> <span class='ocrx_word' id='word_1_125' title='bbox 535 1875 650 1934; x_wconf 81' lang='lat' dir='ltr'><strong>loonne</strong></span> <span class='ocrx_word' id='word_1_126' title='bbox 659 1873 849 1952; x_wconf 82' lang='lat' dir='ltr'><strong>deBergeset</strong></span> <span class='ocrx_word' id='word_1_127' title='bbox 859 1874 1082 1937; x_wconf 87' lang='lat' dir='ltr'><strong>aliisnobilibus</strong></span> <span class='ocrx_word' id='word_1_128' title='bbox 1091 1876 1194 1940; x_wconf 86' lang='lat' dir='ltr'><strong>seden-</strong></span> 
     </span>
     <span class='ocr_line' id='line_1_16' title="bbox 159 1977 1194 2054; baseline 0.002 -16"><span class='ocrx_word' id='word_1_129' title='bbox 159 1977 241 2038; x_wconf 86' lang='lat' dir='ltr'><strong>tibus</strong></span> <span class='ocrx_word' id='word_1_130' title='bbox 252 1978 418 2038; x_wconf 89' lang='lat' dir='ltr'><strong>tumultum</strong></span> <span class='ocrx_word' id='word_1_131' title='bbox 432 1985 462 2036; x_wconf 87' lang='lat' dir='ltr'><strong>et</strong></span> <span class='ocrx_word' id='word_1_132' title='bbox 476 1977 715 2054; x_wconf 88' lang='lat' dir='ltr'><strong>contemptiones</strong></span> <span class='ocrx_word' id='word_1_133' title='bbox 728 1985 855 2049; x_wconf 88' lang='lat' dir='ltr'><strong>mutuos,</strong></span> <span class='ocrx_word' id='word_1_134' title='bbox 870 1977 907 2036; x_wconf 90' lang='lat' dir='ltr'><strong>ad</strong></span> <span class='ocrx_word' id='word_1_135' title='bbox 922 1977 1110 2054; x_wconf 87' lang='lat' dir='ltr'><strong>repellendos</strong></span> <span class='ocrx_word' id='word_1_136' title='bbox 1125 1981 1194 2040; x_wconf 83' lang='lat' dir='ltr'><strong>beo·</strong></span> 
     </span>
     <span class='ocr_line' id='line_1_17' title="bbox 156 2077 1194 2155; baseline 0.003 -19"><span class='ocrx_word' id='word_1_137' title='bbox 156 2077 308 2138; x_wconf 68' lang='lat' dir='ltr'><strong>¹diensium</strong></span> <span class='ocrx_word' id='word_1_138' title='bbox 323 2077 461 2137; x_wconf 87' lang='lat' dir='ltr'><strong>incursus</strong></span> <span class='ocrx_word' id='word_1_139' title='bbox 474 2077 623 2155; x_wconf 75' lang='lat' dir='ltr'><strong>progressi</strong></span> <span class='ocrx_word' id='word_1_140' title='bbox 639 2087 725 2150; x_wconf 86' lang='lat' dir='ltr'><strong>sunt3</strong></span> <span class='ocrx_word' id='word_1_141' title='bbox 738 2091 906 2136; x_wconf 89' lang='lat' dir='ltr'><strong>convenere</strong></span> <span class='ocrx_word' id='word_1_142' title='bbox 920 2077 1008 2136; x_wconf 88' lang='lat' dir='ltr'><strong>simul</strong></span> <span class='ocrx_word' id='word_1_143' title='bbox 1024 2078 1113 2138; x_wconf 84' lang='lat' dir='ltr'><strong>etiem</strong></span> <span class='ocrx_word' id='word_1_144' title='bbox 1124 2079 1194 2139; x_wconf 89' lang='lat' dir='ltr'><strong>alio·</strong></span> 
     </span>
     <span class='ocr_line' id='line_1_18' title="bbox 159 2177 1193 2257; baseline 0.006 -21"><span class='ocrx_word' id='word_1_145' title='bbox 159 2197 229 2239; x_wconf 91' lang='lat' dir='ltr'><strong>rum</strong></span> <span class='ocrx_word' id='word_1_146' title='bbox 257 2188 424 2238; x_wconf 76' lang='lat' dir='ltr'><strong>castrorum</strong></span> <span class='ocrx_word' id='word_1_147' title='bbox 453 2177 601 2237; x_wconf 85' lang='lat' dir='ltr'><strong>exercitus</strong></span> <span class='ocrx_word' id='word_1_148' title='bbox 626 2178 716 2237; x_wconf 86' lang='lat' dir='ltr'><strong>doces</strong></span> <span class='ocrx_word' id='word_1_149' title='bbox 745 2177 782 2238; x_wconf 82' lang='lat' dir='ltr'><strong>ed</strong></span> <span class='ocrx_word' id='word_1_150' title='bbox 810 2179 957 2257; x_wconf 88' lang='lat' dir='ltr'><strong>impetum</strong></span> <span class='ocrx_word' id='word_1_151' title='bbox 987 2180 1193 2242; x_wconf 85' lang='lat' dir='ltr'><strong>Leodiensium</strong></span> 
     </span>
     <span class='ocr_line' id='line_1_19' title="bbox 159 2277 1194 2360; baseline 0.001 -21"><span class='ocrx_word' id='word_1_152' title='bbox 159 2279 384 2360; x_wconf 88' lang='lat' dir='ltr'><strong>repellendum:</strong></span> <span class='ocrx_word' id='word_1_153' title='bbox 400 2279 569 2356; x_wconf 76' lang='lat' dir='ltr'><strong>mansitque</strong></span> <span class='ocrx_word' id='word_1_154' title='bbox 586 2277 642 2339; x_wconf 90' lang='lat' dir='ltr'><strong>bec</strong></span> <span class='ocrx_word' id='word_1_155' title='bbox 663 2279 768 2358; x_wconf 83' lang='lat' dir='ltr'><strong>ingens</strong></span> <span class='ocrx_word' id='word_1_156' title='bbox 786 2279 936 2338; x_wconf 87' lang='lat' dir='ltr'><strong>conmotio</strong></span> <span class='ocrx_word' id='word_1_157' title='bbox 955 2279 991 2338; x_wconf 91' lang='lat' dir='ltr'><strong>ad</strong></span> <span class='ocrx_word' id='word_1_158' title='bbox 1007 2279 1194 2356; x_wconf 81' lang='lat' dir='ltr'><strong>homoduas,</strong></span> 
     </span>
     <span class='ocr_line' id='line_1_20' title="bbox 161 2379 1194 2467; baseline -0.001 -26"><span class='ocrx_word' id='word_1_159' title='bbox 161 2381 300 2441; x_wconf 85' lang='lat' dir='ltr'><strong>menibus</strong></span> <span class='ocrx_word' id='word_1_160' title='bbox 321 2389 420 2467; x_wconf 81' lang='lat' dir='ltr'><strong>tomm</strong></span> <span class='ocrx_word' id='word_1_161' title='bbox 436 2395 541 2457; x_wconf 80' lang='lat' dir='ltr'><strong>parum</strong></span> <span class='ocrx_word' id='word_1_162' title='bbox 559 2381 725 2452; x_wconf 85' lang='lat' dir='ltr'><strong>consertis,</strong></span> <span class='ocrx_word' id='word_1_163' title='bbox 740 2380 881 2457; x_wconf 82' lang='lat' dir='ltr'><strong>quoniam</strong></span> <span class='ocrx_word' id='word_1_164' title='bbox 898 2379 1083 2450; x_wconf 77' lang='lat' dir='ltr'><strong>leodienses,</strong></span> <span class='ocrx_word' id='word_1_165' title='bbox 1105 2382 1194 2442; x_wconf 91' lang='lat' dir='ltr'><strong>intel-</strong></span> 
     </span>
     <span class='ocr_line' id='line_1_21' title="bbox 160 2481 1193 2560; baseline 0.002 -18"><span class='ocrx_word' id='word_1_166' title='bbox 160 2484 237 2543; x_wconf 90' lang='lat' dir='ltr'><strong>lecto</strong></span> <span class='ocrx_word' id='word_1_167' title='bbox 249 2491 280 2542; x_wconf 89' lang='lat' dir='ltr'><strong>et</strong></span> <span class='ocrx_word' id='word_1_168' title='bbox 293 2481 356 2542; x_wconf 83' lang='lat' dir='ltr'><strong>riso</strong></span> <span class='ocrx_word' id='word_1_169' title='bbox 368 2481 503 2542; x_wconf 91' lang='lat' dir='ltr'><strong>omnium</strong></span> <span class='ocrx_word' id='word_1_170' title='bbox 514 2492 681 2542; x_wconf 84' lang='lat' dir='ltr'><strong>castrorum</strong></span> <span class='ocrx_word' id='word_1_171' title='bbox 693 2492 786 2554; x_wconf 89' lang='lat' dir='ltr'><strong>motu,</strong></span> <span class='ocrx_word' id='word_1_172' title='bbox 798 2481 941 2560; x_wconf 87' lang='lat' dir='ltr'><strong>paulatim</strong></span> <span class='ocrx_word' id='word_1_173' title='bbox 954 2501 985 2541; x_wconf 90' lang='lat' dir='ltr'><strong>se</strong></span> <span class='ocrx_word' id='word_1_174' title='bbox 1000 2482 1031 2542; x_wconf 91' lang='lat' dir='ltr'><strong>in</strong></span> <span class='ocrx_word' id='word_1_175' title='bbox 1044 2483 1193 2544; x_wconf 78' lang='lat' dir='ltr'><strong>civitatem</strong></span> 
     </span>
     <span class='ocr_line' id='line_1_22' title="bbox 159 2581 1195 2663; baseline 0 -19"><span class='ocrx_word' id='word_1_176' title='bbox 159 2581 1038 2662; x_wconf 77' lang='lat' dir='ltr'><strong>receperunt.Stabatlcgctusbocmediodnarumhorarum</strong></span> <span class='ocrx_word' id='word_1_177' title='bbox 1048 2595 1195 2663; x_wconf 86' lang='lat' dir='ltr'><strong>tempore,</strong></span> 
     </span>
     <span class='ocr_line' id='line_1_23' title="bbox 160 2684 1193 2765; baseline 0 -19"><span class='ocrx_word' id='word_1_178' title='bbox 160 2697 262 2747; x_wconf 87' lang='lat' dir='ltr'><strong>mente</strong></span> <span class='ocrx_word' id='word_1_179' title='bbox 281 2685 352 2746; x_wconf 88' lang='lat' dir='ltr'><strong>satis</strong></span> <span class='ocrx_word' id='word_1_180' title='bbox 366 2686 473 2745; x_wconf 84' lang='lat' dir='ltr'><strong>anxius</strong></span> <span class='ocrx_word' id='word_1_181' title='bbox 487 2703 555 2744; x_wconf 91' lang='lat' dir='ltr'><strong>cum</strong></span> <span class='ocrx_word' id='word_1_182' title='bbox 579 2684 659 2744; x_wconf 89' lang='lat' dir='ltr'><strong>solus</strong></span> <span class='ocrx_word' id='word_1_183' title='bbox 674 2684 737 2744; x_wconf 89' lang='lat' dir='ltr'><strong>loco</strong></span> <span class='ocrx_word' id='word_1_184' title='bbox 762 2684 911 2744; x_wconf 90' lang='lat' dir='ltr'><strong>inmunito</strong></span> <span class='ocrx_word' id='word_1_185' title='bbox 930 2695 959 2745; x_wconf 87' lang='lat' dir='ltr'><strong>et</strong></span> <span class='ocrx_word' id='word_1_186' title='bbox 981 2684 1103 2765; x_wconf 82' lang='lat' dir='ltr'><strong>ignobili</strong></span> <span class='ocrx_word' id='word_1_187' title='bbox 1125 2705 1193 2746; x_wconf 91' lang='lat' dir='ltr'><strong>cum</strong></span> 
     </span>
     <span class='ocr_line' id='line_1_24' title="bbox 161 2784 1194 2868; baseline 0.001 -21"><span class='ocrx_word' id='word_1_188' title='bbox 161 2785 306 2864; x_wconf 88' lang='lat' dir='ltr'><strong>paucibus</strong></span> <span class='ocrx_word' id='word_1_189' title='bbox 326 2785 515 2847; x_wconf 83' lang='lat' dir='ltr'><strong>inhermibus</strong></span> <span class='ocrx_word' id='word_1_190' title='bbox 529 2795 560 2846; x_wconf 88' lang='lat' dir='ltr'><strong>et</strong></span> <span class='ocrx_word' id='word_1_191' title='bbox 581 2784 740 2848; x_wconf 85' lang='lat' dir='ltr'><strong>inbellibus</strong></span> <span class='ocrx_word' id='word_1_192' title='bbox 757 2795 845 2855; x_wconf 86' lang='lat' dir='ltr'><strong>esset,</strong></span> <span class='ocrx_word' id='word_1_193' title='bbox 864 2786 986 2848; x_wconf 77' lang='lat' dir='ltr'><strong>absente</strong></span> <span class='ocrx_word' id='word_1_194' title='bbox 1006 2789 1147 2868; x_wconf 88' lang='lat' dir='ltr'><strong>episcopo</strong></span> <span class='ocrx_word' id='word_1_195' title='bbox 1164 2797 1194 2852; x_wconf 88' lang='lat' dir='ltr'><strong>et</strong></span> 
     </span>
     <span class='ocr_line' id='line_1_25' title="bbox 160 2887 1194 2967; baseline 0 -17"><span class='ocrx_word' id='word_1_196' title='bbox 160 2887 393 2957; x_wconf 69' lang='lat' dir='ltr'><strong>bunnecourt,</strong></span> <span class='ocrx_word' id='word_1_197' title='bbox 414 2906 489 2965; x_wconf 89' lang='lat' dir='ltr'><strong>quos</strong></span> <span class='ocrx_word' id='word_1_198' title='bbox 503 2887 593 2948; x_wconf 90' lang='lat' dir='ltr'><strong>etiam</strong></span> <span class='ocrx_word' id='word_1_199' title='bbox 609 2887 784 2948; x_wconf 88' lang='lat' dir='ltr'><strong>Leodienses</strong></span> <span class='ocrx_word' id='word_1_200' title='bbox 799 2887 950 2967; x_wconf 85' lang='lat' dir='ltr'><strong>petebant,</strong></span> <span class='ocrx_word' id='word_1_201' title='bbox 969 2888 1024 2950; x_wconf 92' lang='lat' dir='ltr'><strong>hec</strong></span> <span class='ocrx_word' id='word_1_202' title='bbox 1042 2908 1110 2950; x_wconf 94' lang='lat' dir='ltr'><strong>cnm</strong></span> <span class='ocrx_word' id='word_1_203' title='bbox 1131 2891 1194 2952; x_wconf 90' lang='lat' dir='ltr'><strong>suis</strong></span> 
     </span>
     <span class='ocr_line' id='line_1_26' title="bbox 158 2988 1194 3070; baseline 0.004 -22"><span class='ocrx_word' id='word_1_204' title='bbox 158 2989 290 3070; x_wconf 71' lang='lat' dir='ltr'><strong>agitans:</strong></span> <span class='ocrx_word' id='word_1_205' title='bbox 306 3011 324 3047; x_wconf 89' lang='lat'>«</span> <span class='ocrx_word' id='word_1_206' title='bbox 338 2988 365 3048; x_wconf 84' lang='lat' dir='ltr'><strong>si</strong></span> <span class='ocrx_word' id='word_1_207' title='bbox 380 2988 555 3049; x_wconf 72' lang='lat' dir='ltr'><strong>leodienses</strong></span> <span class='ocrx_word' id='word_1_208' title='bbox 573 2988 630 3049; x_wconf 92' lang='lat' dir='ltr'><strong>hoo</strong></span> <span class='ocrx_word' id='word_1_209' title='bbox 646 2990 740 3066; x_wconf 88' lang='lat' dir='ltr'><strong>prelio</strong></span> <span class='ocrx_word' id='word_1_210' title='bbox 759 3006 903 3068; x_wconf 88' lang='lat' dir='ltr'><strong>prospere</strong></span> <span class='ocrx_word' id='word_1_211' title='bbox 926 2999 1027 3070; x_wconf 81' lang='lat' dir='ltr'><strong>agant,</strong></span> <span class='ocrx_word' id='word_1_212' title='bbox 1044 2990 1074 3050; x_wconf 91' lang='lat' dir='ltr'><strong>hi</strong></span> <span class='ocrx_word' id='word_1_213' title='bbox 1088 3009 1194 3052; x_wconf 88' lang='lat' dir='ltr'><strong>omnes</strong></span> 
     </span>
     <span class='ocr_line' id='line_1_27' title="bbox 159 3087 1195 3169; baseline 0.005 -20"><span class='ocrx_word' id='word_1_214' title='bbox 159 3089 211 3167; x_wconf 92' lang='lat' dir='ltr'><strong>qui</strong></span> <span class='ocrx_word' id='word_1_215' title='bbox 223 3107 261 3150; x_wconf 86' lang='lat' dir='ltr'><strong>ex</strong></span> <span class='ocrx_word' id='word_1_216' title='bbox 272 3087 320 3150; x_wconf 91' lang='lat' dir='ltr'><strong>bis</strong></span> <span class='ocrx_word' id='word_1_217' title='bbox 334 3089 438 3150; x_wconf 85' lang='lat' dir='ltr'><strong>castris</strong></span> <span class='ocrx_word' id='word_1_218' title='bbox 450 3089 609 3152; x_wconf 80' lang='lat' dir='ltr'><strong>exiverunt</strong></span> <span class='ocrx_word' id='word_1_219' title='bbox 623 3089 661 3150; x_wconf 88' lang='lat' dir='ltr'><strong>ad</strong></span> <span class='ocrx_word' id='word_1_220' title='bbox 672 3089 745 3152; x_wconf 88' lang='lat' dir='ltr'><strong>alios</strong></span> <span class='ocrx_word' id='word_1_221' title='bbox 756 3109 787 3152; x_wconf 88' lang='lat' dir='ltr'><strong>se</strong></span> <span class='ocrx_word' id='word_1_222' title='bbox 800 3089 955 3169; x_wconf 81' lang='lat' dir='ltr'><strong>recipient,</strong></span> <span class='ocrx_word' id='word_1_223' title='bbox 967 3091 1053 3152; x_wconf 89' lang='lat' dir='ltr'><strong>nobis</strong></span> <span class='ocrx_word' id='word_1_224' title='bbox 1065 3091 1114 3153; x_wconf 90' lang='lat' dir='ltr'><strong>bic</strong></span> <span class='ocrx_word' id='word_1_225' title='bbox 1124 3092 1195 3154; x_wconf 86' lang='lat' dir='ltr'><strong>solis</strong></span> 
     </span>
    </p>
   </div>
   <div class='ocr_carea' id='block_1_3' title="bbox 17 3179 1301 3373">
    <p class='ocr_par' dir='ltr' id='par_1_3' title="bbox 17 3179 1301 3373">
     <span class='ocr_line' id='line_1_28' title="bbox 160 3179 1301 3262; baseline 0.003 -12"><span class='ocrx_word' id='word_1_226' title='bbox 160 3190 281 3262; x_wconf 86' lang='lat' dir='ltr'><strong>relictis,</strong></span> <span class='ocrx_word' id='word_1_227' title='bbox 296 3197 327 3250; x_wconf 86' lang='lat' dir='ltr'><strong>et</strong></span> <span class='ocrx_word' id='word_1_228' title='bbox 344 3189 534 3251; x_wconf 87' lang='lat' dir='ltr'><strong>otinamncn</strong></span> <span class='ocrx_word' id='word_1_229' title='bbox 549 3189 678 3252; x_wconf 86' lang='lat' dir='ltr'><strong>incensis</strong></span> <span class='ocrx_word' id='word_1_230' title='bbox 692 3199 836 3251; x_wconf 71' lang='lat' dir='ltr'><strong>cum‘tota</strong></span> <span class='ocrx_word' id='word_1_231' title='bbox 852 3190 936 3262; x_wconf 87' lang='lat' dir='ltr'><strong>ville;</strong></span> <span class='ocrx_word' id='word_1_232' title='bbox 953 3192 999 3250; x_wconf 86' lang='lat' dir='ltr'><strong>vel</strong></span> <span class='ocrx_word' id='word_1_233' title='bbox 1015 3192 1104 3252; x_wconf 88' lang='lat' dir='ltr'><strong>ctiam</strong></span> <span class='ocrx_word' id='word_1_234' title='bbox 1119 3195 1195 3253; x_wconf 87' lang='lat' dir='ltr'><strong>Leo·</strong></span> <span class='ocrx_word' id='word_1_235' title='bbox 1299 3179 1301 3183; x_wconf 36' lang='lat'>¹</span> 
     </span>
     <span class='ocr_line' id='line_1_29' title="bbox 17 3275 1194 3373; baseline 0.002 -21"><span class='ocrx_word' id='word_1_236' title='bbox 17 3275 19 3306; x_wconf 59' lang='lat'><em>³</em></span> <span class='ocrx_word' id='word_1_237' title='bbox 119 3331 122 3336; x_wconf 89' lang='lat'>-</span> <span class='ocrx_word' id='word_1_238' title='bbox 157 3293 277 3352; x_wconf 73' lang='lat' dir='ltr'><strong>&lt;irenses</strong></span> <span class='ocrx_word' id='word_1_239' title='bbox 291 3291 406 3370; x_wconf 88' lang='lat' dir='ltr'><strong>impetu</strong></span> <span class='ocrx_word' id='word_1_240' title='bbox 418 3291 619 3370; x_wconf 84' lang='lat' dir='ltr'><strong>insequentes,</strong></span> <span class='ocrx_word' id='word_1_241' title='bbox 631 3292 730 3372; x_wconf 79' lang='lat' dir='ltr'><strong>ignem</strong></span> <span class='ocrx_word' id='word_1_242' title='bbox 745 3293 902 3373; x_wconf 92' lang='lat' dir='ltr'><strong>imponent</strong></span> <span class='ocrx_word' id='word_1_243' title='bbox 920 3300 950 3352; x_wconf 88' lang='lat' dir='ltr'><strong>et</strong></span> <span class='ocrx_word' id='word_1_244' title='bbox 962 3310 1068 3354; x_wconf 87' lang='lat' dir='ltr'><strong>omnes</strong></span> <span class='ocrx_word' id='word_1_245' title='bbox 1081 3295 1194 3373; x_wconf 84' lang='lat' dir='ltr'><strong>passim</strong></span> 
     </span>
    </p>
   </div>
   <div class='ocr_carea' id='block_1_4' title="bbox 159 3391 1249 3472">
    <p class='ocr_par' dir='ltr' id='par_1_4' title="bbox 159 3391 1249 3472">
     <span class='ocr_line' id='line_1_30' title="bbox 159 3391 1249 3472; baseline 0.001 -18"><span class='ocrx_word' id='word_1_246' title='bbox 159 3395 191 3454; x_wconf 81' lang='lat' dir='ltr'><strong>in</strong></span> <span class='ocrx_word' id='word_1_247' title='bbox 207 3391 341 3454; x_wconf 87' lang='lat' dir='ltr'><strong>tenebris</strong></span> <span class='ocrx_word' id='word_1_248' title='bbox 356 3392 555 3469; x_wconf 88' lang='lat' dir='ltr'><strong>interficient;</strong></span> <span class='ocrx_word' id='word_1_249' title='bbox 569 3404 621 3455; x_wconf 83' lang='lat' dir='ltr'><strong>eut</strong></span> <span class='ocrx_word' id='word_1_250' title='bbox 636 3395 660 3454; x_wconf 91' lang='lat' dir='ltr'><strong>si</strong></span> <span class='ocrx_word' id='word_1_251' title='bbox 677 3413 736 3454; x_wconf 95' lang='lat' dir='ltr'><strong>non</strong></span> <span class='ocrx_word' id='word_1_252' title='bbox 748 3393 909 3472; x_wconf 80' lang='lat' dir='ltr'><strong>inquirant</strong></span> <span class='ocrx_word' id='word_1_253' title='bbox 922 3405 952 3454; x_wconf 92' lang='lat' dir='ltr'><strong>et</strong></span> <span class='ocrx_word' id='word_1_254' title='bbox 970 3394 1092 3455; x_wconf 88' lang='lat' dir='ltr'><strong>semotis</strong></span> <span class='ocrx_word' id='word_1_255' title='bbox 1111 3404 1196 3455; x_wconf 90' lang='lat' dir='ltr'><strong>tene·</strong></span> <span class='ocrx_word' id='word_1_256' title='bbox 1246 3413 1249 3419; x_wconf 91' lang='lat'>·</span> 
     </span>
    </p>
   </div>
   <div class='ocr_carea' id='block_1_5' title="bbox 17 3491 1196 3574">
    <p class='ocr_par' dir='ltr' id='par_1_5' title="bbox 17 3491 1196 3574">
     <span class='ocr_line' id='line_1_31' title="bbox 17 3491 1196 3574; baseline 0.003 -22"><span class='ocrx_word' id='word_1_257' title='bbox 17 3507 19 3544; x_wconf 71' lang='lat' dir='ltr'><strong>t</strong></span> <span class='ocrx_word' id='word_1_258' title='bbox 71 3491 75 3497; x_wconf 82' lang='grc'><strong>’</strong></span> <span class='ocrx_word' id='word_1_259' title='bbox 159 3492 222 3554; x_wconf 84' lang='lat' dir='ltr'><strong>bris</strong></span> <span class='ocrx_word' id='word_1_260' title='bbox 238 3495 445 3573; x_wconf 78' lang='lat' dir='ltr'><strong>cognoverint,</strong></span> <span class='ocrx_word' id='word_1_261' title='bbox 462 3495 493 3555; x_wconf 93' lang='lat' dir='ltr'><strong>in</strong></span> <span class='ocrx_word' id='word_1_262' title='bbox 512 3493 663 3554; x_wconf 87' lang='lat' dir='ltr'><strong>civitatem</strong></span> <span class='ocrx_word' id='word_1_263' title='bbox 684 3511 738 3555; x_wconf 91' lang='lat' dir='ltr'><strong>nos</strong></span> <span class='ocrx_word' id='word_1_264' title='bbox 753 3494 830 3554; x_wconf 90' lang='lat' dir='ltr'><strong>solos</strong></span> <span class='ocrx_word' id='word_1_265' title='bbox 845 3493 991 3554; x_wconf 85' lang='lat' dir='ltr'><strong>reducent</strong></span> <span class='ocrx_word' id='word_1_266' title='bbox 1003 3494 1046 3554; x_wconf 84' lang='lat' dir='ltr'><strong>&#39;od</strong></span> <span class='ocrx_word' id='word_1_267' title='bbox 1070 3495 1196 3574; x_wconf 84' lang='lat' dir='ltr'><strong>pristino</strong></span> 
     </span>
    </p>
   </div>
   <div class='ocr_carea' id='block_1_6' title="bbox 157 3593 1196 3677">
    <p class='ocr_par' dir='ltr' id='par_1_6' title="bbox 157 3593 1196 3677">
     <span class='ocr_line' id='line_1_32' title="bbox 157 3593 1196 3677; baseline 0.003 -24"><span class='ocrx_word' id='word_1_268' title='bbox 157 3593 343 3677; x_wconf 88' lang='lat' dir='ltr'><strong>discrimina,</strong></span> <span class='ocrx_word' id='word_1_269' title='bbox 356 3595 536 3656; x_wconf 75' lang='lat' dir='ltr'><strong>calamitates</strong></span> <span class='ocrx_word' id='word_1_270' title='bbox 552 3604 582 3654; x_wconf 92' lang='lat' dir='ltr'><strong>et</strong></span> <span class='ocrx_word' id='word_1_271' title='bbox 600 3594 741 3674; x_wconf 85' lang='lat' dir='ltr'><strong>pericula.</strong></span> <span class='ocrx_word' id='word_1_272' title='bbox 756 3595 848 3654; x_wconf 88' lang='lat' dir='ltr'><strong>Orate</strong></span> <span class='ocrx_word' id='word_1_273' title='bbox 865 3613 968 3656; x_wconf 90' lang='lat' dir='ltr'><strong>omncs</strong></span> <span class='ocrx_word' id='word_1_274' title='bbox 983 3597 1080 3655; x_wconf 90' lang='lat' dir='ltr'><strong>Deum</strong></span> <span class='ocrx_word' id='word_1_275' title='bbox 1092 3604 1126 3656; x_wconf 89' lang='lat' dir='ltr'><strong>ut</strong></span> <span class='ocrx_word' id='word_1_276' title='bbox 1141 3612 1196 3656; x_wconf 92' lang='lat' dir='ltr'><strong>nos</strong></span> 
     </span>
    </p>
   </div>
   <div class='ocr_carea' id='block_1_7' title="bbox 161 3686 1197 3774">
    <p class='ocr_par' dir='ltr' id='par_1_7' title="bbox 161 3686 1197 3774">
     <span class='ocr_line' id='line_1_33' title="bbox 161 3686 1197 3774; baseline 0.003 -20"><span class='ocrx_word' id='word_1_277' title='bbox 161 3694 319 3770; x_wconf 83' lang='lat' dir='ltr'><strong>custodiet,</strong></span> <span class='ocrx_word' id='word_1_278' title='bbox 334 3704 471 3774; x_wconf 81' lang='lat' dir='ltr'><strong>protegat</strong></span> <span class='ocrx_word' id='word_1_279' title='bbox 485 3706 514 3756; x_wconf 87' lang='lat' dir='ltr'><strong>ct</strong></span> <span class='ocrx_word' id='word_1_280' title='bbox 529 3695 680 3768; x_wconf 81' lang='lat' dir='ltr'><strong>defendat,</strong></span> <span class='ocrx_word' id='word_1_281' title='bbox 695 3695 775 3757; x_wconf 92' lang='lat' dir='ltr'><strong>omni</strong></span> <span class='ocrx_word' id='word_1_282' title='bbox 791 3696 848 3756; x_wconf 89' lang='lat' dir='ltr'><strong>alio</strong></span> <span class='ocrx_word' id='word_1_283' title='bbox 865 3714 946 3755; x_wconf 90' lang='lat' dir='ltr'><strong>nunc</strong></span> <span class='ocrx_word' id='word_1_284' title='bbox 958 3686 1088 3773; x_wconf 90' lang='lat' dir='ltr'><strong>presidio</strong></span> <span class='ocrx_word' id='word_1_285' title='bbox 1104 3695 1197 3757; x_wconf 88' lang='lat' dir='ltr'><strong>desti-</strong></span> 
     </span>
    </p>
   </div>
   <div class='ocr_carea' id='block_1_8' title="bbox 196 3939 411 4004">
    <p class='ocr_par' dir='ltr' id='par_1_8' title="bbox 196 3939 411 4004">
     <span class='ocr_line' id='line_1_34' title="bbox 196 3939 411 4004; baseline 0.009 -16"><span class='ocrx_word' id='word_1_286' title='bbox 196 3939 232 4004; x_wconf 88' lang='lat' dir='ltr'><strong>(l)</strong></span> <span class='ocrx_word' id='word_1_287' title='bbox 253 3940 323 3990; x_wconf 82' lang='lat' dir='ltr'><strong>Lisez</strong></span> <span class='ocrx_word' id='word_1_288' title='bbox 336 3941 411 3992; x_wconf 84' lang='lat' dir='ltr'><strong>licet?</strong></span> 
     </span>
    </p>
   </div>
   <div class='ocr_carea' id='block_1_9' title="bbox 0 0 1572 4906">
    <p class='ocr_par' dir='ltr' id='par_1_9' title="bbox 0 0 1572 4906">
     <span class='ocr_line' id='line_1_35' title="bbox 0 0 1572 4906; baseline 0 0"><span class='ocrx_word' id='word_1_289' title='bbox 0 0 1572 4906; x_wconf 95' lang='lat' dir='ltr'><strong> </strong></span> 
     </span>
    </p>
   </div>
  </div>
 </body>
</html>
