3126 4906
812 417 925 513 (lbl
947 427 963 517 ,l

376 559 496 633 reverti,
505 558 557 618 sed
569 557 795 637 ignominiosam
807 558 940 638 effugere
951 560 1145 638 etgloriosam
1157 560 1379 641 peracturum(l
1385 575 1404 638 t.

321 681 322 684 ¹
376 664 446 726 Post
461 661 525 740 ejus
540 661 713 735 discessum,
727 661 858 720 dmelius
873 659 910 719 ad
924 679 1011 722 aures
1025 662 1113 740 legati
1128 661 1279 735 accedens,
1295 661 1404 722 intero-

374 762 491 841 gabat«
507 781 544 822 an
560 762 624 840 ipse
635 762 723 840 plene
737 781 753 821 a
765 763 898 838 censuris
912 773 942 822 et
954 763 1080 840 pereatis
1093 763 1154 822 suis
1166 761 1318 822 absolutus
1329 775 1405 823 esset

376 882 434 942 per.
450 863 538 942 legati
559 862 775 942 indulgentiam
797 861 915 923 civibus
927 862 1140 924 leodiensibus
1153 863 1184 922 in
1198 881 1252 922 suo
1270 864 1403 944 ingressu

367 963 512 1024 traditam
528 983 560 1036 ›>;
577 963 624 1022 oui
639 965 752 1042 legatus
771 964 943 1038 assentiens,
959 963 1145 1041 interogabat
1159 985 1177 1020 «
1196 982 1333 1023 curnam
1349 963 1404 1025 boe

374 1072 499 1142 peteret,
518 1072 570 1122 aut
588 1064 792 1144 suspicaretur
806 1063 843 1122 de
857 1059 956 1141 aliquo
978 1080 1032 1124 sue
1047 1063 1107 1122 vite
1121 1063 1293 1123 discrimine
1308 1085 1341 1139 r>;
1356 1064 1403 1125 illo

374 1175 473 1224 autem
491 1186 509 1222 «
529 1183 561 1224 se
586 1165 709 1224 minime
732 1165 870 1224 dubitare
896 1163 1073 1242 affirmante,
1094 1165 1147 1224 sed
1168 1182 1223 1242 pro
1246 1165 1293 1224 sui
1315 1165 1404 1225 animi

374 1265 474 1341 quiete
494 1263 551 1323 bor
567 1265 685 1341 petiisse
706 1286 734 1335 a,
751 1265 906 1342 paululum
923 1263 1074 1342 progressi
1093 1274 1173 1324 sunt.
1192 1266 1307 1325 Rursus
1326 1265 1403 1326 idem

373 1363 504 1422 Amelius
523 1365 560 1423 ad
581 1364 755 1442 episcopum
777 1362 929 1439 accedens,
948 1364 1135 1441 interogabnt
1156 1383 1226 1424 eum
1242 1387 1260 1422 n
1282 1384 1320 1423 an
1343 1365 1403 1444 ipse

373 1483 496 1524 securus
521 1483 589 1524 eum
614 1483 649 1524 eo
669 1465 808 1525 secedere
830 1465 866 1524 ad
886 1464 1063 1544 Burgundos
1090 1477 1188 1542 posset
1203 1487 1238 1540 »3
1259 1467 1308 1525 eui
1337 1485 1401 1526 eum

372 1565 531 1644 episeopus
542 1566 743 1644 respondisset
755 1588 772 1623 u
788 1585 819 1627 se
830 1583 968 1625 securum
982 1584 1045 1624 esse
1058 1573 1087 1624 et
1099 1584 1167 1624 eum
1180 1565 1291 1626 debere
1302 1567 1403 1626 venire

371 1667 521 1746 intrepide
542 1685 634 1750 super
654 1676 744 1746 eaput
763 1685 850 1726 suurn
871 1687 899 1740 a,
914 1677 1055 1746 prompto
1080 1676 1110 1727 et
1129 1666 1198 1726 lorti
1223 1668 1324 1727 animo
1347 1668 1403 1726 iter

370 1785 436 1825 uum
456 1767 499 1826 eis
518 1776 698 1845 prosequtus
717 1777 770 1828 est.
786 1767 992 1842 venimusque
1007 1784 1101 1846 prope
1118 1766 1216 1826 villam
1232 1769 1336 1826 Lantin
1353 1768 1401 1828 ubi

370 1868 497 1945 prelium
512 1867 608 1945 pridie
624 1867 721 1928 luerat
736 1868 812 1928 eirea
831 1869 900 1927 solis
915 1886 1065 1942 oceasum
1084 1867 1192 1944 ibique,
1208 1869 1285 1928 eirca
1301 1879 1400 1928 tumu-

369 1969 431 2027 lum
454 1967 504 2027 ubi
528 1968 596 2026 villa
622 1969 677 2028 sita
703 1981 777 2044 erat,
802 1969 929 2046 repertis
949 1968 1026 2028 sorte
1047 1969 1216 2047 quingentis
1236 1970 1399 2030 occisorum

368 2068 562 2128 cadaveribus
577 2068 608 2127 in
624 2069 718 2148 ipsius
733 2071 780 2130 vie
796 2069 913 2149 publice
925 2069 1013 2148 longo
1027 2088 1163 2143 excursu,
1176 2089 1234 2147 que
1247 2072 1397 2148 paululum

368 2169 508 2248 depressa
524 2179 554 2228 et
569 2170 704 2246 sublossn
719 2180 792 2242 erat,
808 2170 855 2229 vix
876 2153 968 2247 equos
984 2172 1118 2248 quamvis
1134 2172 1261 2232 stimulis
1276 2173 1398 2250 agitatos

367 2270 494 2330 horrore
518 2271 690 2330 etnarium
717 2273 845 2350 strepitu
872 2272 1068 2332 subsistentes
1092 2273 1130 2332 ad
1157 2272 1215 2332 iter
1243 2273 1398 2334 intendere

285 2403 287 2405 ·
367 2372 547 2448 valebamus,
563 2392 630 2432 eum
646 2374 729 2433 nullo
749 2382 834 2452 parto
849 2392 986 2452 gressum
1001 2373 1163 2434 extendere
1185 2387 1307 2451 possent
1327 2375 1396 2454 quin

365 2474 507 2534 cadavera
523 2476 598 2552 pede
613 2475 725 2535 calcare
741 2494 860 2535 neeesse
876 2486 972 2548 esset3
992 2476 1148 2536 accedebat
1167 2477 1255 2536 etiam
1276 2477 1396 2537 cadave-

257 2584 259 2588 ’
287 2582 289 2586 ’
364 2594 432 2634 rum
445 2577 545 2652 quein
558 2572 695 2634 bedilieia
708 2574 748 2655 (ἓ)
761 2572 1016 2635 comburebantur
1032 2587 1126 2636 tetrus
1137 2576 1225 2647 fetor,
1238 2577 1290 2653 qui
1303 2577 1395 2636 homi-

365 2695 438 2735 num
453 2687 483 2736 et
496 2677 669 2736 animalium
685 2678 817 2756 graviter
830 2677 1003 2737 offendebat
1013 2677 1169 2750 ollactum3
1185 2697 1278 2756 quare
1293 2697 1394 2756 magne
1423 2721 1426 2724 -

364 2779 538 2840 difficultate
559 2779 622 2858 ejus
647 2781 695 2840 vie
723 2781 864 2842 transitus
891 2791 1009 2840 exactus
1035 2791 1092 2850 est,
1117 2800 1184 2840 eum
1209 2800 1265 2841 nee
1289 2782 1394 2842 diverti

359 2873 478 2958 ¹posset3
495 2899 668 2959 processere
683 2882 771 2942 etiam
787 2883 896 2960 inipso
912 2881 958 2941 vie
975 2893 1070 2941 tractu
1087 2901 1122 2942 ex
1137 2882 1287 2942 semiustis
1302 2883 1395 2943 domi-

364 2981 419 3040 bus
438 2993 581 3041 exeuntes
601 2981 741 3041 mulieres
761 2981 824 3041 lere
843 2981 958 3060 viginti,
977 2983 1115 3042 aroensis·
1127 2982 1231 3057 eereis,
1253 2981 1359 3043 flentes
1378 3001 1393 3040 a

362 3081 458 3160 legato
473 3089 504 3141 et
522 3081 661 3159 episeopo
683 3081 857 3141 salutemet
879 3100 980 3159 parem
1001 3082 1139 3142 muliebri
1157 3085 1271 3144 ululatu
1292 3092 1391 3162 postu·

363 3181 478 3240 lantes:
497 3181 606 3258 quibus
622 3180 702 3241 bono
721 3181 820 3242 auimo
839 3201 902 3242 esse
913 3180 1015 3261 jussiS,
1031 3202 1195 3263 parumper
1208 3183 1393 3244 substitimus

363 3290 552 3359 expectantes
568 3302 605 3341 an
629 3302 665 3343 ex
687 3283 790 3343 eastris
807 3285 969 3344 marescalli
991 3285 1097 3362 aliquis
1111 3285 1229 3346 obviam
1252 3287 1393 3367 prodiret,

363 3390 397 3443 ut
408 3392 519 3444 statum
532 3384 640 3444 luerat.
654 3386 833 3446 Promiserat
843 3386 922 3446 eninr
939 3388 1096 3466 episeopus
1108 3387 1206 3467 primo
1217 3405 1252 3446 ex
1265 3387 1391 3461 civitate,

396 3694 432 3757 (l)
450 3694 511 3744 teau
523 3692 555 3742 de
569 3693 659 3752 wilde,
669 3693 706 3743 dit
719 3694 742 3742 Μ
746 3733 751 3744 .
764 3707 796 3744 nn
808 3694 1122 3758 Cnesrasr,aeeompagna
1131 3693 1245 3757 l'erdque
1254 3700 1280 3744 et
1291 3695 1314 3744 le
1326 3694 1392 3757 legat

359 3778 477 3843 jusqu'en
498 3792 547 3830 rue
564 3779 597 3830 du
615 3793 687 3842 camp
704 3780 736 3831 de
752 3781 895 3832 Ravesteln.
911 3779 992 3840 (Bull.
1008 3781 1038 3828 de
1053 3779 1178 3831 l'lnatr'tut
1193 3779 1305 3832 arcator.
1325 3779 1391 3845 Μέρη

363 3873 381 3916 t.
395 3866 462 3930 lllll,
474 3879 537 3930 page
552 3867 600 3926 17.)

395 3953 430 4014 (b)
450 3954 521 4003 Ltsez
532 3952 651 4016 oedefieio.
