3088 4926
634 505 647 596 l
675 495 721 571 55
747 498 760 592 l

180 639 321 700 trandum
341 641 465 718 gratiam
488 641 618 717 episcopi
643 637 812 698 leodiensis
839 645 868 697 et
889 637 1014 696 aliorum
1043 632 1211 714 principum

181 759 261 818 quos
277 739 490 810 desiderarent,
505 739 667 798 dummodo
688 740 719 797 in
739 737 797 797 hoc
819 737 897 797 bono
920 734 1070 814 preposito
1088 734 1129 812 (1)
1146 751 1212 810 per·

186 842 336 911 sisterent,
351 841 496 918 assignata
510 841 551 899 eis
563 839 766 898 incrastinum
778 839 851 898 hora
865 847 931 916 post
942 838 1061 897 missam
1073 832 1213 894 veniendi

179 939 223 1000 ad
238 957 317 998 eunt.

227 1040 402 1116 Congregati
413 1039 443 1097 in
461 1058 554 1098 unum
571 1038 708 1115 sequenti
724 1037 773 1096 die
785 1048 852 1116 post
869 1037 987 1096 missam
1003 1035 1040 1094 ad
1056 1050 1216 1093 numerum
1230 1049 1328 1116 veniunt
1361 1039 1474 1146 captppppp
1542 1083 1543 1094 ,

183 1140 287 1199 ‘forsan
303 1141 498 1219 quadraginta
524 1160 558 1198 cx
583 1140 843 1218 principalioribus
866 1152 924 1199 tam
941 1138 1106 1214 ,capitaneis
1128 1151 1216 1211 quam
1245 1111 1409 1223 {sspssffaiffiffl

185 1230 311 1310 civibus,
323 1249 473 1299 venerunt
494 1240 530 1298 ad
553 1239 768 1299 monasterium
791 1238 1029 1310 Sancti-iacobi,
1052 1234 1218 1295 convocatis

187 1340 277 1399 etiam
300 1359 354 1418 per
373 1341 502 1418 legatum
523 1339 672 1415 aliquibus
695 1359 731 1398 ex
753 1338 903 1399 canonicis
919 1337 1039 1415 majoris
1062 1347 1091 1395 ct
1112 1353 1218 1394 secun·

188 1439 293 1498 darum
320 1440 512 1498 ecelesiarum
529 1439 741 1514 monachisque
770 1438 864 1516 ipsius
895 1437 1078 1508 monasterii,
1104 1453 1218 1494 necnon

188 1539 354 1598 reverendo
382 1560 412 1617 p.
443 1538 469 1596 d.
502 1540 616 1598 Joonne
646 1538 766 1609 Soroth,
786 1539 917 1618 generali
944 1538 1058 1597 ordinis
1085 1533 1222 1595 carmeli·

188 1650 287 1698 tarum
313 1637 372 1718 (t),
401 1639 451 1714 qui
482 1638 582 1715 paucis
611 1649 680 1696 ante
705 1637 810 1696 diebus
841 1636 982 1696 Leodium
1006 1648 1129 1699 venerat
1152 1659 1219 1700 eum

187 1739 306 1798 duobus
321 1758 403 1799 sacre
420 1739 567 1816 theologie
580 1739 737 1818 magistris
753 1757 814 1796 uno
831 1738 994 1812 Leodiensi‚
1010 1739 1066 1798 alio
1081 1740 1218 1801 Britonc:

187 1858 261 1916 quos
273 1849 374 1918 postea
387 1858 506 1915 semper
517 1840 630 1915 legatus
644 1857 698 1916 pro
712 1839 927 1914 interpretibus
940 1850 969 1897 et
982 1838 1218 1916 predicatoribus

183 1939 224 1998 od
241 1941 385 2018 populum
407 1952 436 1998 et
456 1941 484 1997 in
506 1941 577 1998 locis
594 1939 751 2017 oportunis
770 1957 889 2016 semper
908 1938 1011 1997 habuit
1029 1959 1139 2011 secum,
1161 1961 1218 2000 una

183 2059 255 2099 cum
273 2040 437 2100 venorabili
459 2040 524 2098 viro
539 2041 653 2098 loanne
671 2039 787 2110 Altlast‚
811 2039 922 2099 ‹lecano
940 2040 1132 2100 Treverensis
1154 2041 1219 2101 dio-

183 2141 261 2199 cesis
274 2139 323 2219 (5),
336 2139 508 2217 cappellano
524 2157 588 2212 suo,
605 2139 761 2215 utriusque
777 2139 876 2218 lingue
890 2139 991 2216 gallice
1007 2151 1036 2199 et
1050 2142 1219 2218 germanice

186 2241 293 2318 perito.
306 2240 456 2317 Replicata
474 2240 588 2298 suntin
605 2238 713 2299 effectu
732 2260 785 2318 per
800 2241 927 2317 legatum
944 2261 976 2300 ea
991 2259 1058 2318 quae
1072 2243 1147 2303 dicta
1163 2261 1302 2324 perversa
1334 2263 1409 2332 ‚legati
1447 2264 1475 2311 ad

185 2341 347 2400 monachos
377 2341 417 2398 eis
447 2339 568 2399 lucrant
592 2359 647 2399 suo
680 2341 810 2412 nominc,
837 2352 865 2400 et
897 2343 972 2402 ultra
997 2357 1217 2406 conmemorate
1319 2333 1388 2370 Μ·

185 2454 299 2520 strages
322 2454 350 2501 et
373 2442 545 2500 afflictiones
571 2453 599 2501 et
622 2440 728 2501 damna
751 2461 809 2518 quc
828 2452 913 2503 antea
938 2445 1015 2522 passi
1035 2445 1153 2506 fuerant
1177 2449 1215 2508 nh

185 2542 297 2602 similes
319 2561 421 2602 eorum
440 2543 688 2601 tumultuationes
703 2553 733 2601 ct
753 2545 882 2620 potentia
898 2543 939 2623 (l)
956 2545 1124 2624 principum
1147 2567 1215 2608 cum

182 2641 294 2717 quibus
309 2641 490 2702 contendere
518 2641 682 2714 habebant,
708 2642 737 2700 d.
766 2643 896 2720 generali
926 2645 1091 2719 prudenter
1115 2649 1215 2707 omnia

183 2743 402 2819 interpretante
415 2754 443 2800 ct
461 2741 619 2800 efficaciter
632 2743 661 2800 in
675 2761 726 2801 sna
740 2743 839 2821 lingua
856 2746 953 2804 onmia
971 2746 1045 2805 bona
1061 2747 1213 2808 suadente.

183 2844 369 2922 Replicatum
386 2855 430 2902 cst
447 2862 500 2922 per
516 2862 565 2902 cos
581 2843 609 2902 in
626 2843 748 2916 ellectu,
767 2864 945 2924 responsum
961 2847 1043 2924 prius
1062 2849 1213 2910 monachis
1227 2865 1356 2928 Responsio
1380 2869 1474 2920 einum.

180 2945 301 3016 datum,
330 2947 483 3024 prolixiori
499 2965 636 3005 sermone
653 2966 707 3024 prr
728 2966 760 3005 os
774 2948 878 3006 Amulii
894 2948 930 3007 de
945 2950 1061 3009 Velrois
1076 2949 1126 3031 (5),
1142 2952 1214 3012 civis

217 3173 252 3233 (1)
271 3170 343 3220 Lisez
354 3173 495 3236 proposito.

216 3258 253 3320 (t)
270 3259 304 3308 Le
312 3260 483 3310 bienheureux
495 3261 555 3311 tean
566 3263 664 3327 Soram,
674 3263 790 3313 l'illustre
801 3261 937 3312 londateur
946 3263 1021 3314 d'une
1030 3264 1098 3315 foule
1106 3267 1138 3315 de
1150 3269 1214 3318 mai·

182 3357 241 3396 sons
253 3345 285 3395 de
299 3359 344 3395 son
355 3346 438 3409 ordre,
451 3354 607 3396 notamment
617 3349 648 3398 de
660 3349 723 3398 celle
734 3349 765 3398 de
779 3350 855 3411 Liege
865 3363 895 3399 en
914 3350 984 3398 atat.

217 3432 253 3492 (ὅ)
270 3433 354 3492 boyan
369 3431 502 3491 deheres,
514 3432 551 3482 dit
564 3434 620 3494 plus
633 3435 681 3483 loin
695 3435 803 3486 l'auteur
813 3436 879 3500 (roy.
891 3451 914 3500 p.
928 3437 977 3500 bl).

215 3517 251 3580 (l)
268 3516 341 3566 Lisez
353 3519 503 3577 potentiam.

213 3601 250 3663 (5)
268 3603 337 3652 amet
347 3603 378 3653 de
389 3605 503 3664 Vultum,
516 3620 549 3654 un
560 3606 603 3656 des
615 3607 687 3657 chess
697 3609 742 3657 des
755 3609 868 3670 Liegeois
882 3609 1000 3666 revolte's,
1009 3610 1070 3671 iona
1083 3625 1117 3660 un
1130 3613 1210 3674 grand

182 3687 305 3738 rbledans
316 3689 350 3738 trs
360 3689 417 3738 faits
430 3691 538 3753 expones
550 3691 666 3756 ieitvoy.
681 3694 702 3743 le
721 3693 821 3744 Recital
833 3695 876 3744 des
888 3694 1078 3758 boiirqmestres
1087 3699 1117 3747 de
1131 3696 1211 3763 trapa,

182 3790 205 3840 p.
220 3776 274 3842 tta,
290 3776 313 3826 le
325 3775 432 3827 Bullda
444 3777 527 3827 l'lnst.
544 3779 649 3830 archeol
675 3780 785 3845 tityonis,
804 3789 822 3830 t.
835 3781 899 3841 Xlll,
913 3797 935 3844 p.
948 3782 973 3848 9,
990 3785 1047 3841 etc.)
1065 3783 1162 3832 Auaron
1181 3800 1211 3832 os

181 3863 276 3910 varam
288 3863 376 3926 Bosco,
393 3864 439 3913 col.
458 3867 532 3930 tant,
551 3880 639 3916 assare
656 3880 715 3929 que,
734 3867 758 3917 le
776 3869 810 3916 μ’
827 3869 931 3918 octobre
953 3869 1024 3925 tant,
1043 3869 1067 3920 le
1087 3871 1160 3931 tegat,
1179 3884 1210 3921 en

181 3948 306 3997 l'absenee
318 3949 349 3998 de
359 3949 482 4012 leveque,
495 3951 668 4002 etablitGilles
685 3953 793 4004 debens
810 3962 836 4003 et
854 3956 925 4005 Amol
943 3957 975 4005 tle
993 3957 1101 4006 Veli-oux
1116 3959 1210 4021 bourg-

184 4040 290 4084 mestres
299 4035 331 4083 (le
341 4034 362 4083 lo
373 4035 429 4085 cite'.
438 4037 508 4086 Cotta
521 4038 692 4100 prat-ticularite'
705 4041 767 4090 u'est
778 4054 820 4104 pas
831 4041 989 4092 mentionnde
1002 4043 1065 4093 daus
1076 4044 1100 4093 le
1111 4044 1211 4095 llccuet'l

182 4121 274 4178 sustu.
