3088 4926
830 375 957 473 (84)

384 540 401 576 p
423 517 584 596 implicitus
592 515 764 594 cst)‚ipsum
775 533 908 586 exorare,
916 513 1104 595 exortarill),
1115 517 1241 578 suadere
1253 519 1409 596 utaliquid

384 641 401 676 n
423 618 460 679 de
479 617 626 678 sententie
649 636 702 677 sue
723 616 881 677 severitate
902 616 1088 690 remieterct,
1106 616 1283 698 sine'ipsius
1299 619 1409 682 damno

383 741 401 776 o
422 729 452 781 et
467 717 669 798 gratissimum
684 717 795 796 populo
810 716 869 794 (2);
886 724 1059 793 attenteque
1075 726 1244 794 temporum
1260 726 1291 777 et
1306 737 1408 780 rerum

384 843 401 877 n
423 819 577 898 qualitate,
605 836 665 878 non
690 817 755 878 lore
780 817 903 877 dubium
928 815 1000 894 quin
1027 815 1089 876 dux
1113 815 1149 876 ad
1173 817 1307 878 mitiores
1328 819 1408 898 pacis

383 945 400 980 n
422 922 607 983 conditiones
628 918 753 981 conduci
776 919 875 999 possit
891 918 976 992 Quod
996 918 1020 977 si
1035 919 1066 978 in
1081 920 1207 979 eandem
1229 921 1407 982 sententiam

383 1046 400 1082 »
423 1041 596 1104 perseveras
611 1030 644 1082 ut
657 1039 810 1080 armorum
830 1019 860 1078 vi
880 1038 948 1079 cum
963 1019 1108 1097 sanguine
1121 1029 1152 1103 et
1171 1019 1242 1080 cede
1257 1020 1408 1083 civilatem
1510 1009 1516 1018 ¹

383 1145 400 1179 n
422 1123 537 1203 ingredi
553 1123 635 1195 velis,
650 1121 754 1201 procul
769 1119 861 1180 dubio
876 1139 909 1180 en
925 1118 1039 1180 videbis
1057 1137 1114 1197 que
1132 1119 1246 1180 dudum
1262 1121 1291 1181 iu
1307 1121 1407 1183 Millen

382 1246 400 1281 »
423 1223 477 1285 libi
487 1223 587 1283 et.tuis
602 1223 698 1300 palam
714 1219 840 1300 predixi,
852 1220 1024 1282 incendium
1039 1221 1175 1281 videlicet
1189 1230 1219 1282 et
1232 1234 1407 1303 perpetuam

382 1323 633 1384 »desolationem
655 1321 781 1382 civitatis
804 1332 835 1380 et
857 1321 951 1398 patrie
973 1333 1022 1412 tue
1044 1322 1214 1383 Leodiensis
1232 1341 1239 1382 :
1257 1322 1347 1399 quod,
1371 1343 1407 1383 ue
1473 1331 1475 1338 '

382 1447 399 1482 n
421 1423 595 1485 oeulismcis
606 1423 733 1495 videam,
744 1423 832 1501 longe
844 1421 947 1483 abesse
958 1423 1108 1484 constitui.
1119 1425 1162 1484 Da
1173 1423 1405 1485 mihieobortem

381 1548 398 1584 o
422 1545 512 1587 uuam
537 1544 605 1586 cum
634 1544 691 1602 qua
717 1535 780 1584 tute
806 1523 975 1603 Trajccluru
1000 1534 1051 1585 aut
1078 1526 1297 1603 bquisgranum
1325 1537 1406 1586 trans

381 1649 398 1686 r>
420 1629 531 1688 Mosam
553 1639 656 1705 petere
676 1629 798 1707 possim,
821 1638 851 1690 et
870 1625 951 1707 quod
972 1626 1182 1687 leodiensibus
1204 1645 1405 1707 responsurus

380 1751 397 1786 n
420 1729 476 1789 sim
498 1730 594 1808 palam
618 1731 767 1809 eloquere,
795 1750 833 1792 ne
854 1731 910 1791 sub
932 1730 989 1790 inci
1012 1728 1117 1789 fidutia
1142 1729 1184 1809 (5)
1208 1740 1238 1789 et
1258 1748 1334 1789 vena
1351 1747 1403 1807 spe

379 1850 396 1886 o
419 1831 498 1908 pacis
514 1839 654 1908 tanquam
670 1851 773 1893 mures
788 1834 819 1894 in
833 1832 927 1892 foveis
942 1829 1161 1909 opprimantur.
1176 1851 1195 1886 a

118 1959 248 2019 Responsio
261 1959 363 2018 episcopi
418 1931 461 1991 dd
476 1931 531 1990 bce
550 1931 627 1992 dieta
645 1950 753 2010 auceps
770 1945 799 1993 et
818 1929 1032 2013 cogitabundus
1050 1929 1222 2006 aliquandiu
1239 1930 1405 2008 episeopus,

167 2017 323 2077 ³⁶¹⁰ss³²¹m1
377 2031 506 2110 legatum
540 2032 653 2108 rogavit
679 2052 697 2088 ι(
728 2039 760 2091 ut
792 2030 872 2110 apud
905 2029 1080 2091 leodienses
1113 2030 1212 2108 ipsum
1241 2039 1403 2099 excusaret,

376 2129 580 2207 scriberetque
601 2148 660 2189 uon
676 2130 741 2191 fore
758 2141 855 2191 tutum
877 2130 931 2193 sibi
948 2140 978 2190 et
992 2130 1088 2209 patrie
1102 2147 1154 2188 sue
1169 2140 1203 2188 ut
1216 2128 1280 2188 sine
1301 2129 1403 2188 voluu-

377 2241 435 2290 tate
459 2230 543 2289 ducis
567 2231 679 2308 aliquid
703 2244 806 2311 ageret
830 2241 860 2292 et
883 2233 948 2311 ipso
973 2232 1002 2291 iu
1027 2231 1144 2290 civitate
1159 2241 1299 2289 manente
1319 2230 1400 2290 ducis

374 2331 512 2392 inimicus
524 2344 667 2408 maneret,
679 2331 766 2410 cujus
781 2333 895 2395 viribus
906 2333 1051 2394 obsistere
1063 2349 1123 2392 non
1136 2339 1251 2407 possct;
1263 2331 1315 2390 sed
1328 2331 1400 2390 velle

374 2449 494 2511 operam
521 2431 593 2492 dare
617 2451 685 2498 cum
713 2433 815 2494 amicis
840 2434 902 2495 suis
927 2442 960 2494 ut
988 2432 1070 2494 ducis
1097 2450 1259 2492 consensus
1283 2432 1399 2492 accedat

373 2531 512 2592 omnibus
530 2531 651 2613 agendis
667 2545 701 2593 ut
718 2534 835 2613 integra
857 2552 926 2612 pars
944 2533 986 2614 (ll
1006 2542 1035 2592 ct
1057 2533 1234 2593 universalis
1248 2541 1398 2608 sequatur,

374 2651 434 2694 non
449 2633 557 2711 partita
573 2635 619 2694 vel
638 2635 735 2696 scissa.
753 2636 797 2696 bd
812 2654 870 2713 que
882 2635 980 2694 omnia
998 2631 1165 2713 peragenda
1177 2634 1264 2712 legati
1276 2651 1398 2711 presen-

371 2734 444 2795 tiam
465 2744 495 2795 et
508 2754 630 2814 operam
651 2736 706 2796 sibi
724 2754 916 2814 summopere
931 2735 1125 2796 neeessariam
1143 2736 1217 2809 lore,
1236 2754 1399 2815 rogareque

373 2847 406 2895 ut
430 2854 529 2895 secum
559 2846 685 2911 maneat,
715 2855 836 2915 sperare
864 2837 962 2897 omnia
993 2835 1023 2896 in
1052 2835 1163 2896 bonum
1193 2834 1284 2895 finem
1314 2855 1398 2916 posse

372 2935 497 2995 conduci
513 2956 541 2995 r.
555 2936 643 2996 Misso
656 2954 710 3014 per
734 2936 864 3014 legatum
881 2934 1093 2995 leodiensibus
1121 2934 1240 3013 publico
1262 2936 1397 3015 numptio

371 3053 439 3094 eum
461 3034 567 3094 litteris
588 3045 618 3094 et
632 3036 821 3095 excusatione
842 3036 1004 3117 superioris
1030 3034 1164 3107 effectus,
1183 3033 1245 3111 jam
1265 3053 1320 3113 per
1334 3037 1396 3096 uni-

370 3151 486 3194 versam
524 3134 672 3194 civitatem
710 3134 840 3215 vulgaris
879 3147 942 3197 erat
976 3136 1053 3196 lama
1088 3135 1169 3196 brine
1203 3136 1334 3197 colorem
1367 3146 1397 3197 ct

370 3234 525 3296 confictam
544 3238 764 3298 exeusationem
779 3238 969 3300 adinventam
995 3258 1058 3300 esse
1084 3258 1122 3299 ue
1140 3241 1252 3318 legatus
1272 3249 1302 3299 et
1316 3240 1397 3319 epis·

371 3354 461 3416 copus
476 3337 507 3396 in
522 3337 670 3398 civitatem
685 3337 819 3412 redeant;
836 3340 986 3420 graviores
1003 3349 1102 3401 tamen
1117 3340 1206 3415 cives,
1223 3359 1261 3400 nc
1275 3350 1395 3419 ceptum

402 3622 438 3687 (l)
454 3621 528 3672 bisez
541 3619 687 3672 extortor-t.

402 3709 439 3774 (Ξ)
455 3709 504 3760 sic.
517 3708 620 3760 besens
632 3707 983 3774 rdelamceetprott‘see'mom
994 3711 1092 3777 populo
1103 3713 1213 3776 sociem.

401 3797 437 3861 (3)
454 3796 527 3847 Lisez
539 3795 643 3860 fidum.

403 3890 437 3954 (l)
454 3885 525 3936 bisce
535 3895 598 3948 pua.
