3126 4906
805 427 958 523 (¹44)

262 611 267 620 .
369 592 386 625 a
397 568 556 648 predones,
564 565 643 642 quod
655 564 839 625 dissimulare
849 565 1038 642 nitebamini3
1049 569 1086 628 sit
1097 569 1129 628 in
1140 569 1218 628 bona
1230 568 1304 630 bora
1312 566 1369 648 (ab
1382 589 1399 626 n

310 695 312 700 ¹
368 670 412 731 ad
433 669 489 730 bec
510 669 630 746 quidum
649 669 728 729 inter
747 687 797 728 eos
816 669 924 744 senior,
939 669 967 731 d.
983 671 1021 729 de
1035 671 1117 744 Soas,
1131 670 1228 747 inquit
1245 689 1253 729 ι
1269 692 1287 728 u
1303 672 1401 744 Pater,

369 793 386 828 a
399 769 478 830 bono
492 769 592 828 animo
607 777 688 828 esto:
704 769 804 828 omnia
817 769 896 828 salva
911 782 1011 844 eruut,
1022 780 1053 830 et
1064 780 1224 848 antequam
1237 769 1325 832 tertia
1337 769 1401 830 dies

370 896 387 928 a
399 871 510 944 effluat,
522 869 629 930 otarius
640 869 775 948 inteliges
787 879 816 930 et
825 870 938 948 gratius
948 871 1075 949 accipies
1088 871 1124 932 ad
1140 889 1194 931 nos
1211 871 1269 930 buc
1284 871 1402 932 venisse

369 993 387 1028 a
399 977 489 1049 qnam
500 971 643 1050 adeptum
655 969 746 1028 fuisse
757 981 910 1030 scutorum
922 983 1043 1030 centnm
1057 971 1137 1032 mitia
1149 992 1176 1033 a.
1190 973 1275 1031 Tunc
1286 973 1402 1050 legatus

369 1075 528 1135 subridens
543 1086 572 1133 et
587 1076 649 1132 Deo
664 1073 772 1152 gratias
788 1072 936 1149 inquiens,
951 1092 1032 1134 sacra
1056 1074 1154 1152 parari
1166 1074 1273 1153 jussit3
1291 1073 1403 1153 quibus

371 1177 497 1254 peractis
505 1184 534 1234 et
543 1173 748 1234 benedictione
759 1175 802 1232 eis
813 1173 880 1233 data
892 1173 977 1234 solito
990 1193 1083 1249 more,
1095 1175 1267 1254 interogans
1279 1175 1402 1236 ubinam

370 1281 526 1359 episcopus
540 1277 710 1338 Leodicnsis
724 1285 811 1350 esset,
826 1294 1003 1355 responsum
1018 1288 1063 1336 est
1083 1277 1142 1336 cito
1157 1285 1331 1338 venturum.
1348 1279 1405 1336 ite·

371 1398 440 1440 rum
451 1381 563 1462 legatus
572 1378 773 1460 proseetsuis
787 1378 872 1456 petiit
883 1378 982 1437 cibum
994 1375 1107 1451 afferri,
1116 1377 1186 1438 boni
1197 1377 1325 1457 hospitis
1335 1396 1405 1439 eon·

371 1482 530 1543 suetudine
545 1481 657 1558 predita
672 1483 727 1554 (2):
740 1480 868 1539 attulere
882 1479 960 1539 illico
974 1478 1083 1538 cibaria
1098 1480 1223 1540 comiter
1237 1490 1267 1540 et
1281 1479 1405 1540 affluen-

342 1601 344 1604 ·
373 1595 432 1643 tem
443 1583 484 1663 (5)
496 1584 600 1660 iegato,
611 1581 696 1660 juxta
710 1599 835 1659 parvam
846 1580 1021 1657 quadratam
1037 1583 1174 1642 rusticam
1191 1600 1325 1643 mensam
1340 1583 1404 1642 snlo

371 1683 500 1754 sedenti,
514 1683 578 1742 aliis
592 1681 863 1742 circumstantibus.
882 1681 1012 1758 Rogabat
1031 1701 1153 1742 rursum
1177 1684 1405 1742 circumstantes

370 1785 484 1864 legatus
495 1796 529 1844 ut
539 1785 637 1863 Argue
647 1783 872 1860 vocaretur,qui
883 1782 989 1844 absens
1000 1793 1072 1855 erat,
1083 1795 1115 1844 ut
1125 1785 1180 1844 sibi
1193 1802 1405 1845 menseeomes

370 1887 530 1948 existeret:
546 1887 672 1946 relatum
688 1896 733 1946 est
744 1886 843 1965 ipsum
856 1887 944 1964 panio
956 1897 1022 1965 post
1033 1897 1206 1958 venturum,
1219 1896 1312 1964 utque
1326 1888 1403 1947 inte·

371 1989 428 2046 rim
443 1988 557 2066 legatus
568 1986 667 2045 cibum
680 2004 799 2046 sumere
812 1986 957 2064 inciperet
968 2005 976 2058 ;
986 1987 1038 2063 qui
1051 1995 1150 2046 umen
1160 1987 1274 2052 iteratis
1288 1987 1405 2048 vicibus

371 2094 502 2158 vocatus,
514 2102 660 2161 nusquam
674 2085 764 2156 venit,
776 2102 844 2145 cum
855 2085 916 2144 suis
928 2083 1097 2146 domesticis
1104 2086 1219 2165 jugiter
1230 2085 1405 2148 consultans

371 2185 515 2264 quidnam
539 2196 617 2245 esset
635 2197 772 2257 acturus;
793 2185 873 2245 inter
893 2186 1141 2247 commedendum
1158 2185 1200 2264 (4)
1216 2186 1403 2266 partiebatur

371 2287 486 2365 legatus
506 2286 641 2346 ciborum
663 2304 722 2362 que
744 2286 800 2344 sibi
822 2286 1027 2348 afferebantur
1048 2287 1215 2367 fragmenta
1235 2289 1316 2349 inter
1333 2305 1403 2350 suos

372 2399 510 2460 astantes,
523 2397 552 2447 et
562 2388 703 2465 precipue
717 2387 843 2448 civitatis
858 2389 976 2466 legatos,
992 2390 1043 2465 qui
1058 2408 1160 2450 amaro
1174 2399 1205 2449 et
1220 2391 1298 2450 tristi
1314 2389 1404 2450 eorde

372 2497 478 2548 cuneta
501 2487 665 2567 pensabant
685 2498 715 2548 et
735 2488 897 2548 cernebant
914 2489 1000 2550 muiti
1016 2490 1068 2565 (ὅ).
1084 2491 1210 2567 Sumpta
1225 2491 1406 2550 festinanter

372 2588 439 2648 cibo
457 2599 487 2650 et
504 2589 596 2664 gratis
610 2587 652 2667 (e)
667 2591 730 2648 Deo
750 2589 835 2661 actis,
855 2589 1060 2648 sciscitabatur
1079 2589 1117 2650 ab
1139 2590 1186 2651 bis
1206 2590 1258 2667 qui
1279 2592 1406 2652 aderant

372 2691 486 2768 legatus
506 2711 524 2748 u
547 2689 690 2766 quidnam
712 2689 859 2769 agendum
888 2689 965 2750 soret
986 2700 1038 2750 aut
1062 2691 1117 2751 sibi
1140 2689 1251 2752 veilent
1272 2712 1305 2766 »5
1328 2692 1406 2752 nibil

370 2791 451 2852 aliud
467 2791 594 2850 relatum
609 2800 654 2851 est
669 2791 725 2851 nisi
737 2811 756 2849 t(
767 2810 799 2850 se
812 2803 969 2869 expectare
980 2810 1157 2870 responsum
1169 2793 1252 2852 ducis
1262 2794 1300 2853 ad
1312 2811 1404 2870 quem

372 2891 525 2969 numptius
551 2893 706 2963 miserant,
726 2889 901 2968 hortarique
924 2892 1052 2971 legatum
1075 2903 1108 2952 ut
1130 2894 1189 2954 leto
1215 2894 1300 2953 vultu
1324 2905 1408 2955 esset

373 2991 504 3070 nihilque
517 2992 586 3051 mali
597 2993 800 3070 suspicaretur
815 3011 850 3062 »ς
865 2989 1060 3053 nibilominus
1068 2993 1143 3072 jussi
1156 3007 1228 3054 sunt
1238 3012 1344 3056 omnes
1358 2997 1406 3056 sui

372 3091 423 3168 qui
439 3109 539 3152 secum
554 3102 641 3150 eraut
653 3109 734 3149 arma
750 3089 901 3169 deponere
920 3108 978 3166 que
998 3110 1033 3151 ex
1056 3093 1273 3154 consuetudine
1287 3095 1406 3155 itineris

360 3209 458 3250 causa
484 3189 595 3249 deferri
619 3189 729 3262 solent,
757 3206 833 3249 nevo
857 3199 939 3249 extra
965 3189 1087 3252 domum
1115 3194 1220 3272 pedem
1248 3193 1404 3256 efferrent.

403 3520 441 3583 (1)
456 3519 567 3581 t'ignore
580 3519 601 3567 ta
613 3517 780 3582 signification
793 3518 825 3567 de
836 3524 903 3568 cette
914 3519 1068 3582 expression.

406 3604 444 3666 (t)
461 3605 532 3653 Lisez
543 3603 700 3668 predicato?

405 3691 441 3750 (ὃ)
457 3691 529 3740 Lisez
541 3689 685 3754 affluenter.

404 3775 443 3834 tt)
459 3775 528 3824 Lisez
539 3775 729 3824 comedendum.

406 3861 443 3924 (ὅ)
458 3860 510 3910 biot
523 3860 642 3910 douteux.
656 3860 727 3910 Lisez
740 3859 827 3910 muti?

405 3947 441 4006 (6)
461 3946 532 3996 Lisez
542 3948 645 4011 pretiis.
