<?xml version="1.0" encoding="UTF-8"?>
<!DOCTYPE html PUBLIC "-//W3C//DTD XHTML 1.0 Transitional//EN"
    "http://www.w3.org/TR/xhtml1/DTD/xhtml1-transitional.dtd">
<html xmlns="http://www.w3.org/1999/xhtml" xml:lang="en" lang="en">
 <head>
  <title>
</title>
<meta http-equiv="Content-Type" content="text/html;charset=utf-8" />
  <meta name='ocr-system' content='tesseract 3.04.00' />
  <meta name='ocr-capabilities' content='ocr_page ocr_carea ocr_par ocr_line ocrx_word'/>
</head>
<body>
  <div class='ocr_page' id='page_1' title='image "./mmoiredulgatonu00bormgoog_0048.png"; bbox 0 0 3102 4914; ppageno 0'>
   <div class='ocr_carea' id='block_1_1' title="bbox 599 479 701 576">
    <p class='ocr_par' dir='ltr' id='par_1_1' title="bbox 599 479 701 576">
     <span class='ocr_line' id='line_1_1' title="bbox 599 479 701 576; baseline -0.098 0"><span class='ocrx_word' id='word_1_1' title='bbox 599 479 701 576; x_wconf 67' lang='grc' dir='ltr'><strong>(ὅ)</strong></span> 
     </span>
    </p>
   </div>
   <div class='ocr_carea' id='block_1_2' title="bbox 100 617 1179 2923">
    <p class='ocr_par' dir='ltr' id='par_1_2' title="bbox 100 617 1179 2923">
     <span class='ocr_line' id='line_1_2' title="bbox 141 617 1172 699; baseline -0.002 -19"><span class='ocrx_word' id='word_1_2' title='bbox 141 639 237 682; x_wconf 90' lang='lat' dir='ltr'><strong>annus</strong></span> <span class='ocrx_word' id='word_1_3' title='bbox 253 618 294 699; x_wconf 87' lang='lat' dir='ltr'><strong>(l)</strong></span> <span class='ocrx_word' id='word_1_4' title='bbox 308 618 462 680; x_wconf 88' lang='lat' dir='ltr'><strong>Leodicnsi</strong></span> <span class='ocrx_word' id='word_1_5' title='bbox 476 619 606 680; x_wconf 80' lang='lat' dir='ltr'><strong>ecclcsiae</strong></span> <span class='ocrx_word' id='word_1_6' title='bbox 625 617 804 697; x_wconf 72' lang='lat' dir='ltr'><strong>praefuisset,</strong></span> <span class='ocrx_word' id='word_1_7' title='bbox 818 617 952 678; x_wconf 91' lang='lat' dir='ltr'><strong>nondum</strong></span> <span class='ocrx_word' id='word_1_8' title='bbox 978 619 1069 678; x_wconf 86' lang='lat' dir='ltr'><strong>sacris</strong></span> <span class='ocrx_word' id='word_1_9' title='bbox 1090 619 1172 679; x_wconf 64' lang='lat' dir='ltr'><strong>ordib</strong></span> 
     </span>
     <span class='ocr_line' id='line_1_3' title="bbox 141 703 1173 799; baseline 0 -19"><span class='ocrx_word' id='word_1_10' title='bbox 141 721 230 781; x_wconf 87' lang='lat' dir='ltr'><strong>uibus</strong></span> <span class='ocrx_word' id='word_1_11' title='bbox 256 703 334 780; x_wconf 84' lang='lat' dir='ltr'><strong>lorct</strong></span> <span class='ocrx_word' id='word_1_12' title='bbox 355 719 525 799; x_wconf 84' lang='lat' dir='ltr'><strong>insignitus.</strong></span> <span class='ocrx_word' id='word_1_13' title='bbox 553 718 765 793; x_wconf 78' lang='lat' dir='ltr'><strong>Quamobrem,</strong></span> <span class='ocrx_word' id='word_1_14' title='bbox 791 737 858 778; x_wconf 91' lang='lat' dir='ltr'><strong>cum</strong></span> <span class='ocrx_word' id='word_1_15' title='bbox 884 719 977 779; x_wconf 91' lang='lat' dir='ltr'><strong>multa</strong></span> <span class='ocrx_word' id='word_1_16' title='bbox 1005 718 1075 779; x_wconf 88' lang='lat' dir='ltr'><strong>hine</strong></span> <span class='ocrx_word' id='word_1_17' title='bbox 1102 720 1173 780; x_wconf 90' lang='lat' dir='ltr'><strong>inde</strong></span> 
     </span>
     <span class='ocr_line' id='line_1_4' title="bbox 141 820 1174 901; baseline -0.003 -18"><span class='ocrx_word' id='word_1_18' title='bbox 141 820 1174 901; x_wconf 84' lang='lat' dir='ltr'><strong>scandala‚proscriptiones‚incarcerationes,confiscationesctdircp·</strong></span> 
     </span>
     <span class='ocr_line' id='line_1_5' title="bbox 142 923 1174 1002; baseline -0.001 -18"><span class='ocrx_word' id='word_1_19' title='bbox 142 925 236 984; x_wconf 87' lang='lat' dir='ltr'><strong>tiones</strong></span> <span class='ocrx_word' id='word_1_20' title='bbox 255 923 413 996; x_wconf 92' lang='lat' dir='ltr'><strong>bonorum,</strong></span> <span class='ocrx_word' id='word_1_21' title='bbox 434 943 467 982; x_wconf 86' lang='lat' dir='ltr'><strong>ac</strong></span> <span class='ocrx_word' id='word_1_22' title='bbox 489 923 651 984; x_wconf 89' lang='lat' dir='ltr'><strong>multorum</strong></span> <span class='ocrx_word' id='word_1_23' title='bbox 675 923 762 982; x_wconf 88' lang='lat' dir='ltr'><strong>cedes</strong></span> <span class='ocrx_word' id='word_1_24' title='bbox 781 933 810 983; x_wconf 89' lang='lat' dir='ltr'><strong>et</strong></span> <span class='ocrx_word' id='word_1_25' title='bbox 824 923 969 1002; x_wconf 90' lang='lat' dir='ltr'><strong>supplicia</strong></span> <span class='ocrx_word' id='word_1_26' title='bbox 990 923 1128 1002; x_wconf 87' lang='lat' dir='ltr'><strong>privatim</strong></span> <span class='ocrx_word' id='word_1_27' title='bbox 1143 931 1174 983; x_wconf 90' lang='lat' dir='ltr'><strong>et</strong></span> 
     </span>
     <span class='ocr_line' id='line_1_6' title="bbox 142 1024 1173 1107; baseline -0.002 -21"><span class='ocrx_word' id='word_1_28' title='bbox 142 1027 259 1107; x_wconf 89' lang='lat' dir='ltr'><strong>publice</strong></span> <span class='ocrx_word' id='word_1_29' title='bbox 272 1025 402 1104; x_wconf 87' lang='lat' dir='ltr'><strong>suborta</strong></span> <span class='ocrx_word' id='word_1_30' title='bbox 422 1036 529 1099; x_wconf 85' lang='lat' dir='ltr'><strong>essent,</strong></span> <span class='ocrx_word' id='word_1_31' title='bbox 552 1025 718 1104; x_wconf 83' lang='lat' dir='ltr'><strong>episcopus,</strong></span> <span class='ocrx_word' id='word_1_32' title='bbox 744 1035 778 1084; x_wconf 82' lang='lat' dir='ltr'><strong>ut</strong></span> <span class='ocrx_word' id='word_1_33' title='bbox 796 1043 879 1084; x_wconf 82' lang='lat' dir='ltr'><strong>suern</strong></span> <span class='ocrx_word' id='word_1_34' title='bbox 898 1024 1121 1102; x_wconf 81' lang='lat' dir='ltr'><strong>jurisditionem</strong></span> <span class='ocrx_word' id='word_1_35' title='bbox 1143 1035 1173 1085; x_wconf 89' lang='lat' dir='ltr'><strong>et</strong></span> 
     </span>
     <span class='ocr_line' id='line_1_7' title="bbox 141 1125 1172 1206; baseline -0.002 -18"><span class='ocrx_word' id='word_1_36' title='bbox 141 1128 301 1206; x_wconf 90' lang='lat' dir='ltr'><strong>imperinm</strong></span> <span class='ocrx_word' id='word_1_37' title='bbox 317 1127 362 1206; x_wconf 82' lang='lat' dir='ltr'><strong>(ut</strong></span> <span class='ocrx_word' id='word_1_38' title='bbox 375 1125 523 1206; x_wconf 85' lang='lat' dir='ltr'><strong>asserunt)</strong></span> <span class='ocrx_word' id='word_1_39' title='bbox 541 1134 677 1186; x_wconf 89' lang='lat' dir='ltr'><strong>tueretur</strong></span> <span class='ocrx_word' id='word_1_40' title='bbox 688 1126 718 1185; x_wconf 91' lang='lat' dir='ltr'><strong>in</strong></span> <span class='ocrx_word' id='word_1_41' title='bbox 735 1126 846 1199; x_wconf 87' lang='lat' dir='ltr'><strong>omnia,</strong></span> <span class='ocrx_word' id='word_1_42' title='bbox 863 1126 1011 1186; x_wconf 89' lang='lat' dir='ltr'><strong>civitatem</strong></span> <span class='ocrx_word' id='word_1_43' title='bbox 1024 1136 1053 1187; x_wconf 87' lang='lat' dir='ltr'><strong>et</strong></span> <span class='ocrx_word' id='word_1_44' title='bbox 1064 1125 1172 1206; x_wconf 89' lang='lat' dir='ltr'><strong>oppida</strong></span> 
     </span>
     <span class='ocr_line' id='line_1_8' title="bbox 141 1226 1172 1305; baseline -0.001 -18"><span class='ocrx_word' id='word_1_45' title='bbox 141 1228 237 1288; x_wconf 89' lang='lat' dir='ltr'><strong>eidcm</strong></span> <span class='ocrx_word' id='word_1_46' title='bbox 266 1226 440 1287; x_wconf 78' lang='lat' dir='ltr'><strong>adimentia</strong></span> <span class='ocrx_word' id='word_1_47' title='bbox 469 1227 623 1286; x_wconf 80' lang='lat' dir='ltr'><strong>interdixit</strong></span> <span class='ocrx_word' id='word_1_48' title='bbox 650 1227 740 1286; x_wconf 89' lang='lat' dir='ltr'><strong>sacris</strong></span> <span class='ocrx_word' id='word_1_49' title='bbox 769 1236 799 1286; x_wconf 90' lang='lat' dir='ltr'><strong>et</strong></span> <span class='ocrx_word' id='word_1_50' title='bbox 823 1226 1002 1286; x_wconf 85' lang='lat' dir='ltr'><strong>comunione</strong></span> <span class='ocrx_word' id='word_1_51' title='bbox 1034 1227 1172 1305; x_wconf 87' lang='lat' dir='ltr'><strong>privavit,</strong></span> 
     </span>
     <span class='ocr_line' id='line_1_9' title="bbox 141 1325 1173 1407; baseline -0.002 -18"><span class='ocrx_word' id='word_1_52' title='bbox 141 1348 278 1389; x_wconf 89' lang='lat' dir='ltr'><strong>asserens</strong></span> <span class='ocrx_word' id='word_1_53' title='bbox 293 1328 350 1388; x_wconf 91' lang='lat' dir='ltr'><strong>boc</strong></span> <span class='ocrx_word' id='word_1_54' title='bbox 370 1328 427 1388; x_wconf 90' lang='lat' dir='ltr'><strong>sibi</strong></span> <span class='ocrx_word' id='word_1_55' title='bbox 441 1327 531 1387; x_wconf 88' lang='lat' dir='ltr'><strong>licere</strong></span> <span class='ocrx_word' id='word_1_56' title='bbox 547 1327 632 1404; x_wconf 81' lang='lat' dir='ltr'><strong>juxta</strong></span> <span class='ocrx_word' id='word_1_57' title='bbox 657 1326 813 1386; x_wconf 87' lang='lat' dir='ltr'><strong>canonicas</strong></span> <span class='ocrx_word' id='word_1_58' title='bbox 827 1327 993 1387; x_wconf 85' lang='lat' dir='ltr'><strong>sanctiones</strong></span> <span class='ocrx_word' id='word_1_59' title='bbox 1005 1325 1059 1407; x_wconf 69' lang='lat'>(2);</span> <span class='ocrx_word' id='word_1_60' title='bbox 1074 1336 1105 1387; x_wconf 89' lang='lat' dir='ltr'><strong>et</strong></span> <span class='ocrx_word' id='word_1_61' title='bbox 1120 1346 1173 1405; x_wconf 91' lang='lat' dir='ltr'><strong>pro</strong></span> 
     </span>
     <span class='ocr_line' id='line_1_10' title="bbox 142 1426 1173 1508; baseline 0 -20"><span class='ocrx_word' id='word_1_62' title='bbox 142 1430 266 1490; x_wconf 86' lang='lat' dir='ltr'><strong>seculari</strong></span> <span class='ocrx_word' id='word_1_63' title='bbox 288 1428 427 1488; x_wconf 89' lang='lat' dir='ltr'><strong>bracchio</strong></span> <span class='ocrx_word' id='word_1_64' title='bbox 448 1447 481 1488; x_wconf 85' lang='lat' dir='ltr'><strong>ac</strong></span> <span class='ocrx_word' id='word_1_65' title='bbox 502 1427 657 1504; x_wconf 88' lang='lat' dir='ltr'><strong>temporali</strong></span> <span class='ocrx_word' id='word_1_66' title='bbox 677 1426 806 1504; x_wconf 85' lang='lat' dir='ltr'><strong>presidio</strong></span> <span class='ocrx_word' id='word_1_67' title='bbox 826 1426 1025 1506; x_wconf 90' lang='lat' dir='ltr'><strong>implorando,</strong></span> <span class='ocrx_word' id='word_1_68' title='bbox 1040 1428 1173 1508; x_wconf 78' lang='lat' dir='ltr'><strong>confugit</strong></span> 
     </span>
     <span class='ocr_line' id='line_1_11' title="bbox 141 1528 1175 1608; baseline 0 -18"><span class='ocrx_word' id='word_1_69' title='bbox 141 1530 175 1590; x_wconf 83' lang='lat' dir='ltr'><strong>ad</strong></span> <span class='ocrx_word' id='word_1_70' title='bbox 188 1531 422 1591; x_wconf 85' lang='lat' dir='ltr'><strong>illustrissimum</strong></span> <span class='ocrx_word' id='word_1_71' title='bbox 435 1529 600 1608; x_wconf 87' lang='lat' dir='ltr'><strong>principem</strong></span> <span class='ocrx_word' id='word_1_72' title='bbox 614 1528 772 1607; x_wconf 88' lang='lat' dir='ltr'><strong>Filippum,</strong></span> <span class='ocrx_word' id='word_1_73' title='bbox 783 1529 964 1607; x_wconf 75' lang='lat' dir='ltr'><strong>Burgundie,</strong></span> <span class='ocrx_word' id='word_1_74' title='bbox 976 1539 1043 1605; x_wconf 81' lang='lat' dir='ltr'><strong>eto,</strong></span> <span class='ocrx_word' id='word_1_75' title='bbox 1056 1529 1175 1604; x_wconf 90' lang='lat' dir='ltr'><strong>duecm,</strong></span> 
     </span>
     <span class='ocr_line' id='line_1_12' title="bbox 142 1629 1176 1711; baseline -0.002 -17"><span class='ocrx_word' id='word_1_76' title='bbox 142 1634 321 1694; x_wconf 86' lang='lat' dir='ltr'><strong>avunculum</strong></span> <span class='ocrx_word' id='word_1_77' title='bbox 341 1650 428 1693; x_wconf 88' lang='lat' dir='ltr'><strong>suum</strong></span> <span class='ocrx_word' id='word_1_78' title='bbox 442 1631 498 1711; x_wconf 76' lang='lat'><strong>(5);</strong></span> <span class='ocrx_word' id='word_1_79' title='bbox 516 1630 567 1707; x_wconf 90' lang='lat' dir='ltr'><strong>qui</strong></span> <span class='ocrx_word' id='word_1_80' title='bbox 587 1630 716 1709; x_wconf 84' lang='lat' dir='ltr'><strong>episcopi</strong></span> <span class='ocrx_word' id='word_1_81' title='bbox 732 1629 862 1708; x_wconf 89' lang='lat' dir='ltr'><strong>(nepotis</strong></span> <span class='ocrx_word' id='word_1_82' title='bbox 883 1648 919 1690; x_wconf 85' lang='lat' dir='ltr'><strong>ex</strong></span> <span class='ocrx_word' id='word_1_83' title='bbox 933 1631 1048 1709; x_wconf 88' lang='lat' dir='ltr'><strong>sorore)</strong></span> <span class='ocrx_word' id='word_1_84' title='bbox 1069 1632 1176 1692; x_wconf 86' lang='lat' dir='ltr'><strong>delen·</strong></span> 
     </span>
     <span class='ocr_line' id='line_1_13' title="bbox 141 1715 1175 1811; baseline -0.001 -17"><span class='ocrx_word' id='word_1_85' title='bbox 141 1735 224 1794; x_wconf 88' lang='lat' dir='ltr'><strong>sione</strong></span> <span class='ocrx_word' id='word_1_86' title='bbox 239 1741 386 1811; x_wconf 83' lang='lat' dir='ltr'><strong>suscepta,</strong></span> <span class='ocrx_word' id='word_1_87' title='bbox 398 1715 558 1808; x_wconf 85' lang='lat' dir='ltr'><strong>aliquibus,</strong></span> <span class='ocrx_word' id='word_1_88' title='bbox 570 1730 686 1791; x_wconf 86' lang='lat' dir='ltr'><strong>levibus</strong></span> <span class='ocrx_word' id='word_1_89' title='bbox 699 1738 809 1802; x_wconf 87' lang='lat' dir='ltr'><strong>tamen,</strong></span> <span class='ocrx_word' id='word_1_90' title='bbox 821 1730 932 1809; x_wconf 84' lang='lat' dir='ltr'><strong>praeliis</strong></span> <span class='ocrx_word' id='word_1_91' title='bbox 947 1750 1015 1790; x_wconf 90' lang='lat' dir='ltr'><strong>eum</strong></span> <span class='ocrx_word' id='word_1_92' title='bbox 1031 1733 1175 1793; x_wconf 79' lang='lat' dir='ltr'><strong>leodien·</strong></span> 
     </span>
     <span class='ocr_line' id='line_1_14' title="bbox 142 1823 1175 1912; baseline -0.001 -17"><span class='ocrx_word' id='word_1_93' title='bbox 142 1834 223 1895; x_wconf 91' lang='lat' dir='ltr'><strong>sibus</strong></span> <span class='ocrx_word' id='word_1_94' title='bbox 238 1833 320 1893; x_wconf 91' lang='lat' dir='ltr'><strong>initis</strong></span> <span class='ocrx_word' id='word_1_95' title='bbox 334 1845 364 1893; x_wconf 88' lang='lat' dir='ltr'><strong>et</strong></span> <span class='ocrx_word' id='word_1_96' title='bbox 378 1833 456 1912; x_wconf 81' lang='lat' dir='ltr'><strong>agris</strong></span> <span class='ocrx_word' id='word_1_97' title='bbox 472 1832 572 1892; x_wconf 83' lang='lat' dir='ltr'><strong>multis</strong></span> <span class='ocrx_word' id='word_1_98' title='bbox 587 1831 714 1893; x_wconf 85' lang='lat' dir='ltr'><strong>vicissim</strong></span> <span class='ocrx_word' id='word_1_99' title='bbox 731 1831 859 1892; x_wconf 88' lang='lat' dir='ltr'><strong>incensis</strong></span> <span class='ocrx_word' id='word_1_100' title='bbox 877 1823 1036 1908; x_wconf 89' lang='lat' dir='ltr'><strong>antequam</strong></span> <span class='ocrx_word' id='word_1_101' title='bbox 1056 1828 1175 1912; x_wconf 90' lang='lat' dir='ltr'><strong>publico</strong></span> 
     </span>
     <span class='ocr_line' id='line_1_15' title="bbox 100 1923 1175 2014; baseline 0.001 -18"><span class='ocrx_word' id='word_1_102' title='bbox 100 1923 102 1930; x_wconf 57' lang='grc'>’</span> <span class='ocrx_word' id='word_1_103' title='bbox 144 1937 221 1996; x_wconf 92' lang='lat' dir='ltr'><strong>bello</strong></span> <span class='ocrx_word' id='word_1_104' title='bbox 246 1935 461 2008; x_wconf 89' lang='lat' dir='ltr'><strong>decertaretur,</strong></span> <span class='ocrx_word' id='word_1_105' title='bbox 489 1935 600 2014; x_wconf 82' lang='lat' dir='ltr'><strong>placuit</strong></span> <span class='ocrx_word' id='word_1_106' title='bbox 625 1933 693 1994; x_wconf 92' lang='lat' dir='ltr'><strong>duci</strong></span> <span class='ocrx_word' id='word_1_107' title='bbox 716 1945 747 1994; x_wconf 90' lang='lat' dir='ltr'><strong>et</strong></span> <span class='ocrx_word' id='word_1_108' title='bbox 774 1934 912 2014; x_wconf 89' lang='lat' dir='ltr'><strong>episcopo</strong></span> <span class='ocrx_word' id='word_1_109' title='bbox 937 1953 1053 1996; x_wconf 89' lang='lat' dir='ltr'><strong>causam</strong></span> <span class='ocrx_word' id='word_1_110' title='bbox 1080 1937 1175 2014; x_wconf 89' lang='lat' dir='ltr'><strong>ipsam</strong></span> 
     </span>
     <span class='ocr_line' id='line_1_16' title="bbox 145 2034 1173 2113; baseline 0.002 -17"><span class='ocrx_word' id='word_1_111' title='bbox 145 2037 415 2098; x_wconf 87' lang='lat' dir='ltr'><strong>controversiarum</strong></span> <span class='ocrx_word' id='word_1_112' title='bbox 430 2035 538 2094; x_wconf 90' lang='lat' dir='ltr'><strong>harum</strong></span> <span class='ocrx_word' id='word_1_113' title='bbox 560 2034 708 2094; x_wconf 85' lang='lat' dir='ltr'><strong>deducere</strong></span> <span class='ocrx_word' id='word_1_114' title='bbox 726 2035 762 2094; x_wconf 92' lang='lat' dir='ltr'><strong>ad</strong></span> <span class='ocrx_word' id='word_1_115' title='bbox 780 2035 938 2113; x_wconf 87' lang='lat' dir='ltr'><strong>apostolice</strong></span> <span class='ocrx_word' id='word_1_116' title='bbox 958 2035 1037 2096; x_wconf 88' lang='lat' dir='ltr'><strong>sedis</strong></span> <span class='ocrx_word' id='word_1_117' title='bbox 1050 2056 1173 2098; x_wconf 86' lang='lat' dir='ltr'><strong>examen</strong></span> 
     </span>
     <span class='ocr_line' id='line_1_17' title="bbox 145 2135 1174 2216; baseline 0.002 -18"><span class='ocrx_word' id='word_1_118' title='bbox 145 2149 174 2198; x_wconf 89' lang='lat' dir='ltr'><strong>ct</strong></span> <span class='ocrx_word' id='word_1_119' title='bbox 185 2138 223 2200; x_wconf 86' lang='lat' dir='ltr'><strong>ad</strong></span> <span class='ocrx_word' id='word_1_120' title='bbox 238 2138 330 2197; x_wconf 87' lang='lat' dir='ltr'><strong>lelicis</strong></span> <span class='ocrx_word' id='word_1_121' title='bbox 343 2137 486 2196; x_wconf 90' lang='lat' dir='ltr'><strong>memorie</strong></span> <span class='ocrx_word' id='word_1_122' title='bbox 505 2136 547 2195; x_wconf 84' lang='lat' dir='ltr'><strong>Pii</strong></span> <span class='ocrx_word' id='word_1_123' title='bbox 563 2137 588 2195; x_wconf 96' lang='lat' dir='ltr'><strong>ll</strong></span> <span class='ocrx_word' id='word_1_124' title='bbox 605 2135 656 2216; x_wconf 80' lang='lat' dir='ltr'><strong>(l),</strong></span> <span class='ocrx_word' id='word_1_125' title='bbox 670 2135 818 2213; x_wconf 89' lang='lat' dir='ltr'><strong>pontilicis</strong></span> <span class='ocrx_word' id='word_1_126' title='bbox 830 2136 961 2211; x_wconf 82' lang='lat' dir='ltr'><strong>maximi,</strong></span> <span class='ocrx_word' id='word_1_127' title='bbox 975 2139 1174 2216; x_wconf 82' lang='lat' dir='ltr'><strong>cognitionem</strong></span> 
     </span>
     <span class='ocr_line' id='line_1_18' title="bbox 146 2237 1175 2319; baseline 0.001 -18"><span class='ocrx_word' id='word_1_128' title='bbox 146 2251 175 2301; x_wconf 85' lang='lat' dir='ltr'><strong>et</strong></span> <span class='ocrx_word' id='word_1_129' title='bbox 192 2241 337 2319; x_wconf 90' lang='lat' dir='ltr'><strong>judicium</strong></span> <span class='ocrx_word' id='word_1_130' title='bbox 353 2239 520 2299; x_wconf 87' lang='lat' dir='ltr'><strong>remictere.</strong></span> <span class='ocrx_word' id='word_1_131' title='bbox 535 2239 592 2312; x_wconf 89' lang='lat' dir='ltr'><strong>Qui</strong></span> <span class='ocrx_word' id='word_1_132' title='bbox 609 2237 679 2302; x_wconf 91' lang='lat' dir='ltr'><strong>Pius</strong></span> <span class='ocrx_word' id='word_1_133' title='bbox 694 2238 838 2316; x_wconf 79' lang='lat' dir='ltr'><strong>pontifex,</strong></span> <span class='ocrx_word' id='word_1_134' title='bbox 853 2238 1044 2300; x_wconf 88' lang='lat' dir='ltr'><strong>considerans</strong></span> <span class='ocrx_word' id='word_1_135' title='bbox 1066 2255 1175 2318; x_wconf 90' lang='lat' dir='ltr'><strong>quanta</strong></span> 
     </span>
     <span class='ocr_line' id='line_1_19' title="bbox 146 2338 1175 2422; baseline 0.001 -20"><span class='ocrx_word' id='word_1_136' title='bbox 146 2343 225 2402; x_wconf 89' lang='lat' dir='ltr'><strong>inter</strong></span> <span class='ocrx_word' id='word_1_137' title='bbox 236 2341 386 2422; x_wconf 90' lang='lat' dir='ltr'><strong>principes</strong></span> <span class='ocrx_word' id='word_1_138' title='bbox 399 2351 430 2400; x_wconf 87' lang='lat' dir='ltr'><strong>et</strong></span> <span class='ocrx_word' id='word_1_139' title='bbox 440 2338 575 2400; x_wconf 86' lang='lat' dir='ltr'><strong>subditos</strong></span> <span class='ocrx_word' id='word_1_140' title='bbox 587 2351 690 2401; x_wconf 84' lang='lat' dir='ltr'><strong>exorte</strong></span> <span class='ocrx_word' id='word_1_141' title='bbox 701 2340 847 2400; x_wconf 90' lang='lat' dir='ltr'><strong>discordie</strong></span> <span class='ocrx_word' id='word_1_142' title='bbox 859 2340 1030 2402; x_wconf 90' lang='lat' dir='ltr'><strong>discrimina</strong></span> <span class='ocrx_word' id='word_1_143' title='bbox 1041 2339 1175 2416; x_wconf 84' lang='lat' dir='ltr'><strong>afferant,</strong></span> 
     </span>
     <span class='ocr_line' id='line_1_20' title="bbox 146 2440 1176 2523; baseline 0.004 -21"><span class='ocrx_word' id='word_1_144' title='bbox 146 2443 329 2523; x_wconf 86' lang='lat' dir='ltr'><strong>cupiensque</strong></span> <span class='ocrx_word' id='word_1_145' title='bbox 347 2442 423 2502; x_wconf 87' lang='lat' dir='ltr'><strong>votis</strong></span> <span class='ocrx_word' id='word_1_146' title='bbox 445 2441 569 2501; x_wconf 90' lang='lat' dir='ltr'><strong>illustris</strong></span> <span class='ocrx_word' id='word_1_147' title='bbox 588 2440 717 2520; x_wconf 91' lang='lat' dir='ltr'><strong>Philippi</strong></span> <span class='ocrx_word' id='word_1_148' title='bbox 735 2440 916 2519; x_wconf 79' lang='lat' dir='ltr'><strong>burgundiae</strong></span> <span class='ocrx_word' id='word_1_149' title='bbox 937 2442 1020 2502; x_wconf 88' lang='lat' dir='ltr'><strong>ducis</strong></span> <span class='ocrx_word' id='word_1_150' title='bbox 1041 2462 1176 2506; x_wconf 85' lang='lat' dir='ltr'><strong>annuero</strong></span> 
     </span>
     <span class='ocr_line' id='line_1_21' title="bbox 145 2540 1175 2623; baseline 0.002 -19"><span class='ocrx_word' id='word_1_151' title='bbox 145 2542 207 2623; x_wconf 86' lang='lat' dir='ltr'><strong>(qui</strong></span> <span class='ocrx_word' id='word_1_152' title='bbox 220 2543 416 2622; x_wconf 82' lang='lat' dir='ltr'><strong>personaliter</strong></span> <span class='ocrx_word' id='word_1_153' title='bbox 426 2543 524 2602; x_wconf 89' lang='lat' dir='ltr'><strong>iturus</strong></span> <span class='ocrx_word' id='word_1_154' title='bbox 539 2552 621 2615; x_wconf 93' lang='lat' dir='ltr'><strong>tunc,</strong></span> <span class='ocrx_word' id='word_1_155' title='bbox 632 2560 700 2601; x_wconf 89' lang='lat' dir='ltr'><strong>cum</strong></span> <span class='ocrx_word' id='word_1_156' title='bbox 715 2540 820 2620; x_wconf 80' lang='lat' dir='ltr'><strong>grandi</strong></span> <span class='ocrx_word' id='word_1_157' title='bbox 836 2542 986 2602; x_wconf 90' lang='lat' dir='ltr'><strong>maritimo</strong></span> <span class='ocrx_word' id='word_1_158' title='bbox 998 2554 1028 2603; x_wconf 89' lang='lat' dir='ltr'><strong>et</strong></span> <span class='ocrx_word' id='word_1_159' title='bbox 1040 2545 1175 2608; x_wconf 85' lang='lat' dir='ltr'><strong>terrestri</strong></span> 
     </span>
     <span class='ocr_line' id='line_1_22' title="bbox 146 2641 1177 2725; baseline 0.004 -22"><span class='ocrx_word' id='word_1_160' title='bbox 146 2644 291 2717; x_wconf 82' lang='lat' dir='ltr'><strong>exercitu,</strong></span> <span class='ocrx_word' id='word_1_161' title='bbox 305 2643 337 2704; x_wconf 92' lang='lat' dir='ltr'><strong>in</strong></span> <span class='ocrx_word' id='word_1_162' title='bbox 357 2643 489 2704; x_wconf 87' lang='lat' dir='ltr'><strong>larorcm</strong></span> <span class='ocrx_word' id='word_1_163' title='bbox 509 2642 652 2703; x_wconf 86' lang='lat' dir='ltr'><strong>catholice</strong></span> <span class='ocrx_word' id='word_1_164' title='bbox 667 2641 735 2702; x_wconf 85' lang='lat' dir='ltr'><strong>fidei</strong></span> <span class='ocrx_word' id='word_1_165' title='bbox 755 2642 975 2722; x_wconf 87' lang='lat' dir='ltr'><strong>expeditionem</strong></span> <span class='ocrx_word' id='word_1_166' title='bbox 998 2647 1177 2725; x_wconf 84' lang='lat' dir='ltr'><strong>preparabat</strong></span> 
     </span>
     <span class='ocr_line' id='line_1_23' title="bbox 148 2742 1177 2820; baseline 0.003 -17"><span class='ocrx_word' id='word_1_167' title='bbox 148 2746 178 2803; x_wconf 95' lang='lat' dir='ltr'><strong>in</strong></span> <span class='ocrx_word' id='word_1_168' title='bbox 192 2743 349 2820; x_wconf 80' lang='lat' dir='ltr'><strong>Tharros),</strong></span> <span class='ocrx_word' id='word_1_169' title='bbox 363 2762 396 2804; x_wconf 88' lang='lat' dir='ltr'><strong>ae</strong></span> <span class='ocrx_word' id='word_1_170' title='bbox 407 2752 441 2803; x_wconf 87' lang='lat' dir='ltr'><strong>ut</strong></span> <span class='ocrx_word' id='word_1_171' title='bbox 454 2743 557 2804; x_wconf 88' lang='lat' dir='ltr'><strong>civitas</strong></span> <span class='ocrx_word' id='word_1_172' title='bbox 574 2742 745 2804; x_wconf 80' lang='lat' dir='ltr'><strong>leodiensis</strong></span> <span class='ocrx_word' id='word_1_173' title='bbox 760 2752 789 2801; x_wconf 90' lang='lat' dir='ltr'><strong>ct</strong></span> <span class='ocrx_word' id='word_1_174' title='bbox 807 2742 912 2820; x_wconf 89' lang='lat' dir='ltr'><strong>patria,</strong></span> <span class='ocrx_word' id='word_1_175' title='bbox 927 2742 1074 2804; x_wconf 87' lang='lat' dir='ltr'><strong>submotis</strong></span> <span class='ocrx_word' id='word_1_176' title='bbox 1089 2745 1177 2806; x_wconf 87' lang='lat' dir='ltr'><strong>dissi-</strong></span> 
     </span>
     <span class='ocr_line' id='line_1_24' title="bbox 148 2842 1179 2923; baseline 0.006 -21"><span class='ocrx_word' id='word_1_177' title='bbox 148 2842 212 2913; x_wconf 86' lang='lat' dir='ltr'><strong>diis,</strong></span> <span class='ocrx_word' id='word_1_178' title='bbox 227 2853 327 2923; x_wconf 90' lang='lat' dir='ltr'><strong>optata</strong></span> <span class='ocrx_word' id='word_1_179' title='bbox 343 2862 413 2923; x_wconf 87' lang='lat' dir='ltr'><strong>pace</strong></span> <span class='ocrx_word' id='word_1_180' title='bbox 428 2843 583 2904; x_wconf 83' lang='lat' dir='ltr'><strong>leuaretur</strong></span> <span class='ocrx_word' id='word_1_181' title='bbox 595 2863 629 2904; x_wconf 86' lang='lat' dir='ltr'><strong>ac</strong></span> <span class='ocrx_word' id='word_1_182' title='bbox 642 2853 868 2922; x_wconf 87' lang='lat' dir='ltr'><strong>preservarctur</strong></span> <span class='ocrx_word' id='word_1_183' title='bbox 886 2863 901 2904; x_wconf 88' lang='lat' dir='ltr'><strong>a</strong></span> <span class='ocrx_word' id='word_1_184' title='bbox 918 2845 1023 2919; x_wconf 81' lang='lat' dir='ltr'><strong>noxiis,</strong></span> <span class='ocrx_word' id='word_1_185' title='bbox 1038 2866 1179 2909; x_wconf 88' lang='lat' dir='ltr'><strong>reveren-</strong></span> 
     </span>
    </p>
   </div>
   <div class='ocr_carea' id='block_1_3' title="bbox 149 2929 1177 3028">
    <p class='ocr_par' dir='ltr' id='par_1_3' title="bbox 149 2929 1177 3028">
     <span class='ocr_line' id='line_1_25' title="bbox 149 2929 1177 3028; baseline 0.007 -24"><span class='ocrx_word' id='word_1_186' title='bbox 149 2929 217 3005; x_wconf 92' lang='lat' dir='ltr'><strong>dum</strong></span> <span class='ocrx_word' id='word_1_187' title='bbox 237 2955 353 3024; x_wconf 88' lang='lat' dir='ltr'><strong>patrem</strong></span> <span class='ocrx_word' id='word_1_188' title='bbox 368 2946 523 3007; x_wconf 90' lang='lat' dir='ltr'><strong>dominum</strong></span> <span class='ocrx_word' id='word_1_189' title='bbox 545 2949 665 3008; x_wconf 83' lang='lat' dir='ltr'><strong>Petrum</strong></span> <span class='ocrx_word' id='word_1_190' title='bbox 680 2947 802 3021; x_wconf 82' lang='lat' dir='ltr'><strong>Ferrici,</strong></span> <span class='ocrx_word' id='word_1_191' title='bbox 817 2959 889 3008; x_wconf 86' lang='lat' dir='ltr'><strong>tune</strong></span> <span class='ocrx_word' id='word_1_192' title='bbox 912 2948 1011 3028; x_wconf 87' lang='lat' dir='ltr'><strong>palatii</strong></span> <span class='ocrx_word' id='word_1_193' title='bbox 1026 2951 1177 3028; x_wconf 90' lang='lat' dir='ltr'><strong>apostolici</strong></span> 
     </span>
    </p>
   </div>
   <div class='ocr_carea' id='block_1_4' title="bbox 885 3149 1172 3160">
    <p class='ocr_par' dir='ltr' id='par_1_4' title="bbox 885 3149 1172 3160">
     <span class='ocr_line' id='line_1_26' title="bbox 885 3149 1172 3160; baseline 0.014 -4"><span class='ocrx_word' id='word_1_194' title='bbox 885 3149 1172 3160; x_wconf 58' lang='lat' dir='ltr'><strong>——0———n1</strong></span> 
     </span>
    </p>
   </div>
   <div class='ocr_carea' id='block_1_5' title="bbox 151 3282 1180 4040">
    <p class='ocr_par' dir='ltr' id='par_1_5' title="bbox 183 3282 413 3344">
     <span class='ocr_line' id='line_1_27' title="bbox 183 3282 413 3344; baseline 0 -12"><span class='ocrx_word' id='word_1_195' title='bbox 183 3283 217 3344; x_wconf 82' lang='lat' dir='ltr'><strong>(l)</strong></span> <span class='ocrx_word' id='word_1_196' title='bbox 236 3282 309 3332; x_wconf 79' lang='lat' dir='ltr'><strong>biset</strong></span> <span class='ocrx_word' id='word_1_197' title='bbox 320 3296 413 3334; x_wconf 72' lang='lat' dir='ltr'><strong>aranos.</strong></span> 
     </span>
    </p>

    <p class='ocr_par' dir='ltr' id='par_1_6' title="bbox 151 3359 1179 3704">
     <span class='ocr_line' id='line_1_28' title="bbox 183 3359 1179 3433; baseline 0.005 -13"><span class='ocrx_word' id='word_1_198' title='bbox 183 3369 219 3433; x_wconf 64' lang='lat' dir='ltr'><strong>(a)</strong></span> <span class='ocrx_word' id='word_1_199' title='bbox 237 3371 368 3422; x_wconf 71' lang='lat' dir='ltr'><strong>conterar</strong></span> <span class='ocrx_word' id='word_1_200' title='bbox 389 3370 428 3423; x_wconf 74' lang='lat' dir='ltr'><strong>fat</strong></span> <span class='ocrx_word' id='word_1_201' title='bbox 451 3371 565 3422; x_wconf 75' lang='lat' dir='ltr'><strong>rancore</strong></span> <span class='ocrx_word' id='word_1_202' title='bbox 585 3371 617 3420; x_wconf 78' lang='lat' dir='ltr'><strong>ea</strong></span> <span class='ocrx_word' id='word_1_203' title='bbox 636 3372 740 3422; x_wconf 75' lang='lat' dir='ltr'><strong>octone</strong></span> <span class='ocrx_word' id='word_1_204' title='bbox 761 3371 831 3421; x_wconf 78' lang='lat' dir='ltr'><strong>reor.</strong></span> <span class='ocrx_word' id='word_1_205' title='bbox 853 3370 938 3423; x_wconf 78' lang='lat' dir='ltr'><strong>traco</strong></span> <span class='ocrx_word' id='word_1_206' title='bbox 957 3385 985 3423; x_wconf 84' lang='lat' dir='ltr'><strong>se</strong></span> <span class='ocrx_word' id='word_1_207' title='bbox 1005 3359 1093 3425; x_wconf 75' lang='lat' dir='ltr'><strong>trouve&#39;</strong></span> <span class='ocrx_word' id='word_1_208' title='bbox 1116 3374 1179 3425; x_wconf 78' lang='lat' dir='ltr'><strong>rans</strong></span> 
     </span>
     <span class='ocr_line' id='line_1_29' title="bbox 152 3456 1179 3532; baseline 0.005 -25"><span class='ocrx_word' id='word_1_209' title='bbox 152 3459 188 3507; x_wconf 82' lang='lat' dir='ltr'><strong>lla·</strong></span> <span class='ocrx_word' id='word_1_210' title='bbox 203 3459 276 3518; x_wconf 80' lang='lat' dir='ltr'><strong>Rau,</strong></span> <span class='ocrx_word' id='word_1_211' title='bbox 294 3457 447 3508; x_wconf 83' lang='lat' dir='ltr'><strong>Documenta</strong></span> <span class='ocrx_word' id='word_1_212' title='bbox 463 3458 567 3520; x_wconf 82' lang='lat' dir='ltr'><strong>relatlsa</strong></span> <span class='ocrx_word' id='word_1_213' title='bbox 583 3470 641 3508; x_wconf 79' lang='lat' dir='ltr'><strong>aun</strong></span> <span class='ocrx_word' id='word_1_214' title='bbox 657 3456 771 3508; x_wconf 80' lang='lat' dir='ltr'><strong>troubles</strong></span> <span class='ocrx_word' id='word_1_215' title='bbox 786 3458 822 3508; x_wconf 86' lang='lat' dir='ltr'><strong>du</strong></span> <span class='ocrx_word' id='word_1_216' title='bbox 838 3471 905 3523; x_wconf 80' lang='lat' dir='ltr'><strong>popa</strong></span> <span class='ocrx_word' id='word_1_217' title='bbox 921 3460 953 3510; x_wconf 86' lang='lat' dir='ltr'><strong>de</strong></span> <span class='ocrx_word' id='word_1_218' title='bbox 969 3459 1043 3532; x_wconf 54' lang='lat' dir='ltr'><strong>lippe</strong></span> <span class='ocrx_word' id='word_1_219' title='bbox 1061 3474 1124 3512; x_wconf 82' lang='lat' dir='ltr'><strong>aona</strong></span> <span class='ocrx_word' id='word_1_220' title='bbox 1142 3463 1179 3512; x_wconf 82' lang='lat' dir='ltr'><strong>lea</strong></span> 
     </span>
     <span class='ocr_line' id='line_1_30' title="bbox 151 3543 1179 3609; baseline 0.004 -15"><span class='ocrx_word' id='word_1_221' title='bbox 151 3545 377 3608; x_wconf 70' lang='lat' dir='ltr'><strong>princes-totunm</strong></span> <span class='ocrx_word' id='word_1_222' title='bbox 389 3543 454 3593; x_wconf 77' lang='lat' dir='ltr'><strong>leon</strong></span> <span class='ocrx_word' id='word_1_223' title='bbox 467 3545 498 3594; x_wconf 79' lang='lat' dir='ltr'><strong>de</strong></span> <span class='ocrx_word' id='word_1_224' title='bbox 508 3543 595 3595; x_wconf 79' lang='lat' dir='ltr'><strong>Horae</strong></span> <span class='ocrx_word' id='word_1_225' title='bbox 607 3549 632 3594; x_wconf 84' lang='lat' dir='ltr'><strong>et</strong></span> <span class='ocrx_word' id='word_1_226' title='bbox 642 3544 719 3595; x_wconf 79' lang='lat' dir='ltr'><strong>Locis</strong></span> <span class='ocrx_word' id='word_1_227' title='bbox 729 3545 760 3594; x_wconf 82' lang='lat' dir='ltr'><strong>dc</strong></span> <span class='ocrx_word' id='word_1_228' title='bbox 774 3543 914 3607; x_wconf 73' lang='lat' dir='ltr'><strong>Bourboo„</strong></span> <span class='ocrx_word' id='word_1_229' title='bbox 927 3560 950 3609; x_wconf 92' lang='lat' dir='ltr'><strong>p.</strong></span> <span class='ocrx_word' id='word_1_230' title='bbox 963 3547 1020 3597; x_wconf 63' lang='lat'><strong>⁴84.</strong></span> <span class='ocrx_word' id='word_1_231' title='bbox 1033 3548 1075 3598; x_wconf 83' lang='lat' dir='ltr'><strong>Pie</strong></span> <span class='ocrx_word' id='word_1_232' title='bbox 1088 3548 1108 3598; x_wconf 96' lang='lat' dir='ltr'><strong>ll</strong></span> <span class='ocrx_word' id='word_1_233' title='bbox 1121 3561 1179 3598; x_wconf 76' lang='lat' dir='ltr'><strong>eou-</strong></span> 
     </span>
     <span class='ocr_line' id='line_1_31' title="bbox 151 3629 817 3704; baseline 0.005 -26"><span class='ocrx_word' id='word_1_234' title='bbox 151 3629 221 3681; x_wconf 85' lang='lat' dir='ltr'><strong>llrma</strong></span> <span class='ocrx_word' id='word_1_235' title='bbox 237 3631 359 3704; x_wconf 84' lang='lat' dir='ltr'><strong>l&#39;interdit</strong></span> <span class='ocrx_word' id='word_1_236' title='bbox 369 3632 392 3680; x_wconf 91' lang='lat' dir='ltr'><strong>le</strong></span> <span class='ocrx_word' id='word_1_237' title='bbox 404 3631 440 3680; x_wconf 72' lang='lat'><strong>¹⁸¹</strong></span> <span class='ocrx_word' id='word_1_238' title='bbox 452 3631 500 3680; x_wconf 88' lang='lat' dir='ltr'><strong>mai</strong></span> <span class='ocrx_word' id='word_1_239' title='bbox 513 3631 577 3681; x_wconf 72' lang='lat' dir='ltr'><strong>tlte</strong></span> <span class='ocrx_word' id='word_1_240' title='bbox 588 3630 704 3694; x_wconf 78' lang='lat' dir='ltr'><strong>(ibidem,</strong></span> <span class='ocrx_word' id='word_1_241' title='bbox 716 3645 739 3694; x_wconf 90' lang='lat' dir='ltr'><strong>p.</strong></span> <span class='ocrx_word' id='word_1_242' title='bbox 750 3631 817 3692; x_wconf 75' lang='lat'><strong>503).</strong></span> 
     </span>
    </p>

    <p class='ocr_par' dir='ltr' id='par_1_7' title="bbox 153 3716 1180 3867">
     <span class='ocr_line' id='line_1_32' title="bbox 182 3716 1180 3782; baseline 0.004 -16"><span class='ocrx_word' id='word_1_243' title='bbox 182 3717 217 3779; x_wconf 71' lang='grc' dir='ltr'><strong>(ὅ)</strong></span> <span class='ocrx_word' id='word_1_244' title='bbox 237 3717 314 3766; x_wconf 85' lang='lat' dir='ltr'><strong>Louis</strong></span> <span class='ocrx_word' id='word_1_245' title='bbox 327 3716 359 3766; x_wconf 91' lang='lat' dir='ltr'><strong>de</strong></span> <span class='ocrx_word' id='word_1_246' title='bbox 370 3716 487 3766; x_wconf 82' lang='lat' dir='ltr'><strong>nourbon</strong></span> <span class='ocrx_word' id='word_1_247' title='bbox 499 3716 560 3766; x_wconf 81' lang='lat' dir='ltr'><strong>erait</strong></span> <span class='ocrx_word' id='word_1_248' title='bbox 572 3717 610 3767; x_wconf 86' lang='lat' dir='ltr'><strong>liis</strong></span> <span class='ocrx_word' id='word_1_249' title='bbox 622 3717 835 3778; x_wconf 63' lang='lat' dir='ltr'><strong>declarandae</strong></span> <span class='ocrx_word' id='word_1_250' title='bbox 848 3718 880 3770; x_wconf 90' lang='lat' dir='ltr'><strong>de</strong></span> <span class='ocrx_word' id='word_1_251' title='bbox 892 3719 1016 3781; x_wconf 88' lang='lat' dir='ltr'><strong>Bourbon‚</strong></span> <span class='ocrx_word' id='word_1_252' title='bbox 1027 3727 1051 3770; x_wconf 90' lang='lat' dir='ltr'><strong>et</strong></span> <span class='ocrx_word' id='word_1_253' title='bbox 1063 3720 1180 3782; x_wconf 76' lang='lat' dir='ltr'><strong>d’tgnds,</strong></span> 
     </span>
     <span class='ocr_line' id='line_1_33' title="bbox 153 3801 744 3867; baseline 0.008 -17"><span class='ocrx_word' id='word_1_254' title='bbox 153 3801 202 3853; x_wconf 86' lang='lat' dir='ltr'><strong>fillo</strong></span> <span class='ocrx_word' id='word_1_255' title='bbox 212 3803 244 3854; x_wconf 90' lang='lat' dir='ltr'><strong>de</strong></span> <span class='ocrx_word' id='word_1_256' title='bbox 255 3803 315 3853; x_wconf 85' lang='lat' dir='ltr'><strong>lean</strong></span> <span class='ocrx_word' id='word_1_257' title='bbox 328 3816 386 3852; x_wconf 83' lang='lat' dir='ltr'><strong>sans</strong></span> <span class='ocrx_word' id='word_1_258' title='bbox 397 3802 471 3865; x_wconf 85' lang='lat' dir='ltr'><strong>Peur,</strong></span> <span class='ocrx_word' id='word_1_259' title='bbox 482 3803 533 3853; x_wconf 92' lang='lat' dir='ltr'><strong>duc</strong></span> <span class='ocrx_word' id='word_1_260' title='bbox 543 3802 576 3853; x_wconf 91' lang='lat' dir='ltr'><strong>de</strong></span> <span class='ocrx_word' id='word_1_261' title='bbox 589 3804 744 3867; x_wconf 76' lang='lat' dir='ltr'><strong>Bourgogne</strong></span> 
     </span>
    </p>

    <p class='ocr_par' dir='ltr' id='par_1_8' title="bbox 154 3877 1164 4040">
     <span class='ocr_line' id='line_1_34' title="bbox 184 3877 1164 3956; baseline 0.007 -17"><span class='ocrx_word' id='word_1_262' title='bbox 184 3889 221 3955; x_wconf 76' lang='lat' dir='ltr'><strong>(l)</strong></span> <span class='ocrx_word' id='word_1_263' title='bbox 239 3889 334 3940; x_wconf 78' lang='lat' dir='ltr'><strong>caliate</strong></span> <span class='ocrx_word' id='word_1_264' title='bbox 352 3889 386 3940; x_wconf 89' lang='lat' dir='ltr'><strong>lll</strong></span> <span class='ocrx_word' id='word_1_265' title='bbox 403 3889 466 3940; x_wconf 81' lang='lat' dir='ltr'><strong>etalt</strong></span> <span class='ocrx_word' id='word_1_266' title='bbox 483 3897 548 3940; x_wconf 91' lang='lat' dir='ltr'><strong>mort</strong></span> <span class='ocrx_word' id='word_1_267' title='bbox 561 3890 582 3939; x_wconf 93' lang='lat' dir='ltr'><strong>le</strong></span> <span class='ocrx_word' id='word_1_268' title='bbox 594 3889 610 3938; x_wconf 86' lang='lat' dir='ltr'><strong>ll</strong></span> <span class='ocrx_word' id='word_1_269' title='bbox 621 3894 681 3940; x_wconf 86' lang='lat' dir='ltr'><strong>aodt</strong></span> <span class='ocrx_word' id='word_1_270' title='bbox 694 3891 766 3941; x_wconf 73' lang='lat'>1⁴58.</span> <span class='ocrx_word' id='word_1_271' title='bbox 780 3891 823 3940; x_wconf 83' lang='lat' dir='ltr'><strong>Pie</strong></span> <span class='ocrx_word' id='word_1_272' title='bbox 836 3890 858 3940; x_wconf 98' lang='lat' dir='ltr'><strong>ll</strong></span> <span class='ocrx_word' id='word_1_273' title='bbox 871 3891 961 3953; x_wconf 80' lang='lat' dir='ltr'><strong>(Encas</strong></span> <span class='ocrx_word' id='word_1_274' title='bbox 973 3877 1074 3956; x_wconf 76' lang='lat' dir='ltr'><strong>Sylvius</strong></span> <span class='ocrx_word' id='word_1_275' title='bbox 1092 3893 1164 3946; x_wconf 86' lang='lat' dir='ltr'><strong>Piceo</strong></span> 
     </span>
     <span class='ocr_line' id='line_1_35' title="bbox 154 3975 701 4040; baseline 0.007 -16"><span class='ocrx_word' id='word_1_276' title='bbox 154 3976 248 4040; x_wconf 84' lang='lat' dir='ltr'><strong>lumini)</strong></span> <span class='ocrx_word' id='word_1_277' title='bbox 260 3976 327 4027; x_wconf 85' lang='lat' dir='ltr'><strong>avait</strong></span> <span class='ocrx_word' id='word_1_278' title='bbox 338 3975 379 4027; x_wconf 76' lang='lat' dir='ltr'><strong>dte</strong></span> <span class='ocrx_word' id='word_1_279' title='bbox 390 3975 431 4027; x_wconf 77' lang='lat' dir='ltr'><strong>ela</strong></span> <span class='ocrx_word' id='word_1_280' title='bbox 444 3975 468 4026; x_wconf 92' lang='lat' dir='ltr'><strong>le</strong></span> <span class='ocrx_word' id='word_1_281' title='bbox 481 3975 511 4025; x_wconf 89' lang='lat' dir='ltr'><strong>lll</strong></span> <span class='ocrx_word' id='word_1_282' title='bbox 523 3975 584 4026; x_wconf 81' lang='lat' dir='ltr'><strong>aoirt</strong></span> <span class='ocrx_word' id='word_1_283' title='bbox 594 3976 701 4028; x_wconf 76' lang='lat' dir='ltr'><strong>suivant,</strong></span> 
     </span>
    </p>
   </div>
   <div class='ocr_carea' id='block_1_6' title="bbox 0 0 1569 4914">
    <p class='ocr_par' dir='ltr' id='par_1_9' title="bbox 0 0 1569 4914">
     <span class='ocr_line' id='line_1_36' title="bbox 0 0 1569 4914; baseline 0 0"><span class='ocrx_word' id='word_1_284' title='bbox 0 0 1569 4914; x_wconf 95' lang='lat' dir='ltr'><strong> </strong></span> 
     </span>
    </p>
   </div>
  </div>
 </body>
</html>
