3088 4926
319 541 417 602 reditu
447 561 625 622 responsum
653 542 788 606 daturus.
821 546 946 608 Interim
980 564 1052 606 vero
1084 544 1180 621 aliqua
1214 539 1347 620 pontifici

319 640 451 702 maximo
465 643 558 703 Paulo
572 661 627 723 per
641 644 768 725 legatum
784 647 874 707 scribi
895 645 1046 707 mandavit
1064 641 1257 713 satirarum,
1272 641 1351 702 siout

319 741 553 805 etiaotumluit.
934 755 936 760 '
983 752 985 758 ’

359 844 474 905 Annuit
488 845 571 906 ducis
586 847 725 926 petitioni
736 849 860 929 legatus,
876 849 941 909 licet
957 847 1020 925 jam
1035 848 1121 926 longa
1144 845 1353 923 expectatione

320 943 455 1006 defessus
475 946 585 1021 animo,
607 949 734 1009 maxime
758 969 826 1010 eum
851 951 922 1011 satis
951 949 1132 1028 intelligeret
1160 944 1353 1006 evidentibus

321 1045 413 1126 signis
437 1055 466 1106 et
488 1047 652 1110 amicorum
677 1052 822 1113 relatione
846 1051 953 1112 ducem
981 1049 1055 1110 nihil
1081 1048 1118 1108 de
1143 1045 1353 1126 superioribus

321 1147 554 1207 conventionum
569 1151 701 1211 articulis
720 1151 958 1225 inmutaturum3
973 1149 1124 1210 consensit
1138 1159 1238 1208 tamen
1253 1145 1351 1207 adhuc

323 1248 434 1309 morari
456 1248 609 1328 paululum
632 1253 732 1331 potius
755 1272 844 1331 quam
864 1273 897 1313 re
921 1253 1041 1333 penitus
1063 1251 1172 1312 inlecta
1188 1248 1349 1309 discedere.

323 1348 524 1410 Nihilominus
539 1352 637 1411 omnia
654 1354 789 1432 pontifici
805 1354 934 1414 maximo
950 1353 1053 1427 Paulo,
1069 1352 1165 1430 primo
1185 1369 1238 1427 per
1256 1351 1352 1410 domi·

325 1469 397 1511 num
422 1452 633 1530 llaymuudum
663 1453 699 1514 de
726 1455 900 1535 Marigliano
928 1453 1067 1532 superius
1092 1452 1295 1525 nominatum,
1319 1469 1351 1509 ae

324 1553 444 1614 domum
458 1573 512 1632 per
524 1556 722 1624 reverendum
736 1566 851 1636 patrem
866 1555 1020 1616 Stelanum
1033 1553 1221 1627 Trentinum,
1238 1554 1351 1612 Lucen-

238 1665 239 1668 ’
324 1671 386 1713 sem
398 1654 570 1734 episcopum
579 1653 631 1736 (l),
642 1656 680 1716 ad
693 1657 803 1718 Urbem
815 1666 887 1716 tunc
897 1675 933 1715 ex
946 1655 1049 1735 huglia
1062 1655 1248 1728 redeuntem,
1260 1652 1354 1712 verbo

324 1765 353 1814 et
369 1754 474 1815 litteris
488 1753 683 1816 denunctiare
694 1758 818 1828 curavit,
831 1756 964 1816 scribens
976 1756 1064 1816 etiam
1078 1753 1210 1833 pontifici
1226 1753 1352 1812 maximo
1387 1807 1390 1812 .

271 1855 273 1859 ’
325 1875 358 1916 οο
378 1858 476 1916 omnia
495 1877 553 1935 que
572 1858 632 1918 dux
653 1859 809 1919 scribenda
831 1858 1025 1918 mandaverat
1045 1865 1112 1935 post
1130 1857 1194 1933 ejus
1214 1875 1229 1915 a
1251 1855 1355 1932 Brugis
1389 1883 1391 1886 v

326 1957 498 2018 discessum.
510 1959 653 2036 Sequenti
662 1960 711 2020 dic
722 1960 784 2019 dux
797 1978 851 2038 per
863 1958 1059 2020 domesticum
1076 1955 1250 2015 familiarem
1266 1973 1353 2014 suum

326 2058 421 2136 legato
437 2057 494 2117 dici
506 2059 593 2137 jussit
605 2079 636 2120 se
649 2079 708 2119 uon
720 2059 826 2138 Brugis
841 2061 892 2119 scd
909 2058 1055 2118 Bruxellia
1066 2077 1101 2117 ex
1115 2055 1267 2115 llollandia
1280 2053 1354 2114 redi·

329 2168 440 2233 turum,
462 2160 562 2236 itaque
584 2179 643 2220 non
663 2170 824 2239 opportere
844 2172 1000 2239 expectare
1015 2159 1120 2238 Brugis
1135 2157 1187 2218 sed
1203 2155 1356 2228 bruxellis,
1387 2185 1389 2190 ·

328 2279 387 2338 que
397 2260 428 2320 in
442 2272 523 2321 recto
538 2263 643 2323 itinere
659 2262 799 2323 Leodium
816 2260 1012 2324 redeuntibus
1023 2262 1077 2321 sita
1091 2269 1143 2320 est.
1156 2259 1355 2333 Quamobrem

328 2359 406 2421 illico
420 2362 525 2440 Brugis
541 2363 694 2424 discedens
716 2365 842 2444 legatus,
865 2383 932 2423 eum
955 2363 1017 2423 suis
1039 2361 1184 2421 Bruxellis
1208 2359 1358 2437 proiectus

332 2474 390 2539 cst,
405 2463 487 2525 ducis
502 2483 537 2524 ex
555 2466 705 2526 llollandia
720 2467 851 2526 reditum
867 2476 1085 2544 expectaturus.
1102 2464 1266 2523 Constituto
1283 2472 1357 2522 tem·

77 2573 269 2680 uedtffilaghricais
295 2585 321 2618 ex
333 2583 405 2642 poro
420 2564 479 2624 dara
495 2585 529 2624 cx
545 2564 858 2626 llollandia'Bruxellis
873 2565 1002 2640 rediens,
1018 2583 1084 2623 cum
1101 2565 1247 2622 exercitus
1265 2565 1357 2621 Fran-

259 2670 262 2676 '
333 2684 435 2726 corum
451 2667 529 2745 regis
552 2677 584 2726 ut
606 2668 811 2745 suspicabatur
832 2667 929 2745 ipsum
954 2675 1083 2745 urgeret,
1105 2683 1171 2723 cum
1195 2683 1248 2723 suo
1271 2664 1358 2723 ctiam

332 2768 438 2846 grandi
453 2769 582 2829 exercitu
598 2769 741 2829 adversus
756 2787 854 2848 regem
871 2768 952 2828 exire
969 2766 1156 2846 properabat.
1169 2764 1278 2825 Aderat
1291 2774 1359 2825 tunc

334 2889 434 2930 seeum
449 2870 634 2930 reverendus
650 2880 734 2949 pater
749 2871 885 2944 Karolus,
900 2868 1141 2946 archiepiscopus
1159 2865 1363 2945 lugdunensis

334 2980 364 3030 et
378 2970 509 3049 episcopi
527 2969 696 3030 leodiensis
712 2970 803 3029 irater
815 2968 897 3048 lita
914 2987 983 3046 roge
1000 2969 1179 3027 Francorum
1199 2965 1236 3025 ad
1255 2965 1359 3025 ducem

335 3091 392 3151 pro
406 3090 477 3150 pace
493 3072 642 3132 tractanda
663 3071 785 3144 missus3
801 3074 852 3149 qui
868 3089 984 3130 summo
1006 3079 1111 3129 conatu
1136 3069 1242 3129 ducem
1264 3069 1360 3146 ipsum

335 3172 373 3231 ab
387 3173 507 3231 incursu
524 3172 628 3232 bellico
643 3173 808 3250 reprimere
824 3172 986 3243 nitebatur,
1001 3169 1161 3231 ostendens
1181 3183 1241 3228 nota
1260 3178 1361 3227 contra

336 3276 433 3353 ipsum
456 3273 509 3334 sed
531 3273 568 3335 ad
590 3276 661 3336 alios
683 3276 759 3334 lines
771 3275 934 3334 exercitum
950 3272 1027 3351 regis
1042 3290 1107 3332 esso
1121 3279 1265 3340 eoactum,
1280 3269 1367 3346 quin·

335 3395 405 3456 ymo
423 3378 601 3435 l'rancorum
618 3394 717 3455 regem
738 3386 872 3453 paratum
893 3393 957 3434 esse
977 3393 1068 3452 super
1087 3360 1226 3431 omnibus
1245 3380 1363 3429 contro-

337 3477 442 3537 versiis
453 3495 509 3554 que
520 3477 598 3537 inter
609 3477 706 3555 ipsum
715 3485 744 3536 et
752 3475 895 3535 Brittanie
906 3475 1021 3548 ducem,
1030 3483 1080 3532 aut
1092 3471 1229 3530 Carolum
1242 3470 1364 3528 fratrem

336 3576 411 3655 ejus,
427 3588 497 3638 tunc
512 3578 727 3638 Bituricensem
744 3595 824 3635 nunc
840 3592 910 3634 vero
926 3573 1084 3650 Aquitaoie
1100 3571 1215 3641 ducem,
1231 3585 1367 3646 quoquo·

979 3739 1043 3748 —
1316 3733 1359 3744 -ι-

367 3845 389 3911 (l
401 3847 409 3908 )
428 3835 531 3896 Etienue
542 3845 575 3894 de
583 3844 680 3909 Trenti,
688 3843 785 3907 eaeque
796 3842 828 3892 de
840 3841 963 3904 hucques.

370 3933 407 3999 (ἓ)
424 3933 527 3983 charles
539 3933 572 3982 de
583 3933 708 3991 Bourbou,
718 3927 878 3992 archerdque
888 3927 920 3977 de
930 3926 1007 3990 byou.
