3088 4926
608 435 735 533 (59)

154 602 172 638 n
194 577 397 651 cumulantur,
415 585 504 653 prout
520 574 575 635 hec
588 576 767 636 secretarius
787 594 872 637 meus
891 578 1032 657 magister
1046 577 1192 638 Ricclrar-·

154 704 172 738 a
191 681 252 743 dus
273 678 329 759 ipsi
351 697 376 740 r.
399 697 428 756 p.
451 699 480 739 v.
502 677 612 757 poterit
637 676 724 738 latius
750 678 915 752 declarare;
938 689 971 738 ut
995 669 1083 739 etiam
1108 678 1187 757 apud

152 781 379 843 »consiliarios
407 780 521 841 domini
549 779 632 841 ducis
661 791 690 840 ct
718 779 874 840 dominum
900 781 937 841 de
964 773 1188 843 llumhereourt

153 903 172 941 n
195 885 308 942 instare
326 881 500 961 dignemini,
521 881 662 964 quatinus
676 880 718 958 (l)
733 889 832 941 vestre
848 881 1040 959 benignitatis
1060 882 1188 942 durante

153 1006 173 1042 n
196 983 417 1062 prosecutione,
432 981 469 1042 ab
486 982 620 1042 ulteriori
636 982 829 1042 demolitione
844 977 977 1044 cessetur
992 993 1022 1042 et
1036 983 1102 1042 aliis
1118 1002 1186 1061 pre-

154 1107 173 1142 »
190 1084 311 1162 judiciis
330 1085 500 1156 anteactis,
519 1084 661 1160 qnoniam
682 1085 774 1163 magis
797 1084 937 1163 expedire
953 1083 1072 1143 videtur
1087 1097 1120 1144 ut
1134 1083 1189 1144 lrec

154 1207 173 1243 n
196 1185 234 1244 ab
256 1186 327 1264 ipsis
350 1196 379 1244 et
400 1184 594 1245 disertissima
610 1203 639 1244 v.
655 1204 684 1263 p.
702 1203 791 1261 quam
814 1205 830 1244 a
853 1187 987 1263 meipso
1010 1185 1187 1262 procedant3

154 1310 173 1347 n
195 1287 319 1364 quibus,
333 1286 390 1346 nisi
404 1305 458 1364 per
469 1286 600 1346 medium
613 1287 796 1345 auctoritatis
812 1286 973 1363 apostolice
988 1297 1019 1346 et
1032 1287 1189 1346 occulatis·

154 1410 174 1448 >a
196 1389 270 1448 sime
292 1397 391 1448 vestre
413 1387 573 1466 prudentie
595 1387 650 1446 viis
672 1387 811 1465 congruis
836 1388 998 1460 obsistant,
1022 1406 1080 1447 non
1103 1387 1189 1446 video

153 1510 174 1548 n
196 1488 352 1566 quisalius
368 1505 423 1566 pro
438 1498 577 1546 currente
592 1487 735 1563 qualitate
756 1488 901 1566 temporis
921 1488 1124 1548 consolabitur
1142 1487 1188 1546 vel

153 1613 173 1648 n
197 1601 278 1650 tante
299 1588 474 1651 desolationi
497 1587 682 1648 nobilissime
704 1588 855 1666 quondam
880 1589 1046 1649 Leodiensis
1067 1588 1189 1648 ecclesie

156 1715 175 1750 n
197 1693 341 1766 consulet,
357 1711 394 1751 nc
410 1691 491 1750 totali
506 1691 681 1751 desolationi
697 1690 848 1768 subjaceat
863 1700 893 1749 et
909 1691 1004 1749 ruine.
1017 1693 1077 1749 llcc
1089 1690 1188 1766 itaque

156 1816 174 1852 n
197 1793 383 1854 confidenter
394 1791 528 1871 significo
544 1800 625 1852 tauto
638 1792 759 1871 presuli,
772 1792 858 1869 cujus
872 1802 930 1850 tam
942 1793 1088 1851 sinceram
1101 1810 1189 1869 expe-

156 1917 175 1952 »
197 1894 260 1953 rior
278 1911 399 1970 operam
416 1893 519 1968 utiquc
534 1890 745 1965 neeessariam,
765 1890 966 1967 optatissimos
985 1891 1188 1967 cordialesque

156 2018 175 2053 n
199 1995 420 2071 labores,quem
434 1993 472 2053 ob
484 1992 542 2052 lroe
552 2006 611 2052 tam
623 1992 713 2071 liujus
725 1992 852 2052 Ecclesie
864 2011 952 2069 quam
966 1994 1061 2072 patrie
1073 2004 1188 2070 patrem

156 2119 175 2155 n
197 2108 228 2156 ot
239 2106 477 2156 conservatorem
490 2095 627 2154 convenit
638 2094 789 2174 appellari.
803 2094 892 2171 Cujus
905 2095 934 2170 in
948 2095 992 2154 lais
1004 2113 1189 2173 prosequen-

150 2177 176 2253 n
199 2196 243 2256 dis
257 2203 324 2255 vota
336 2195 445 2273 dirigat
459 2193 627 2253 ditissimus
643 2194 692 2253 ille
707 2195 757 2270 qui
774 2212 834 2252 non
850 2194 960 2254 deserit
976 2205 1189 2275 prosequentes

44 2359 48 2366 ,
158 2319 177 2354 a
199 2315 288 2375 opera
319 2295 446 2373 pietatis.
475 2296 516 2354 Ex
544 2293 663 2354 civitate
692 2314 755 2353 mea
785 2293 957 2368 Leodieusi,
985 2297 1096 2355 mensis
1121 2296 1188 2373 julii

157 2420 176 2455 n
199 2396 247 2456 dic
261 2406 342 2457 111110.

274 2568 312 2627 E.
328 2567 368 2648 (2)
388 2569 421 2628 V.
439 2569 472 2628 ll.
490 2569 524 2626 P.
543 2566 711 2628 ludovicus
725 2567 882 2647 episeopus
899 2565 1077 2628 Leodieusr's.

281 2671 385 2728 Manus
400 2668 441 2749 (5)
457 2671 577 2748 propria
593 2688 600 2728 :
616 2671 785 2729 Lnoovtcus.
803 2690 819 2724 n

200 2889 273 2948 Cum
289 2887 357 2946 finis
369 2887 435 2964 julii
452 2887 563 2946 mensis
579 2889 702 2948 instaret
720 2899 749 2947 ct
765 2886 825 2946 dux
848 2887 879 2946 in
895 2885 1079 2946 Hollandiam
1097 2882 1401 2990 pmfi‘sstigitsasridiudriffl
1409 2882 1446 2987 dig}

159 2989 227 3049 cisci
244 3000 372 3066 pararet,
388 3007 476 3065 quam
490 2987 624 3048 nondum
641 2998 708 3068 post
723 2999 849 3048 mortem
863 2987 954 3065 patris
967 2987 1066 3046 luerat
1078 2988 1191 3066 ingres·
1216 3001 1287 3067 misso
1298 2999 1371 3060 legato
1387 2999 1446 3046 uru-
1495 3021 1497 3024 -

159 3111 219 3166 sus,
232 3091 393 3150 accersitus
405 3110 420 3149 a
433 3089 508 3150 duee
524 3091 647 3169 legatus,
663 3109 786 3169 sperans
802 3089 857 3149 sibi
870 3089 957 3148 finale
971 3107 1149 3167 responsum
1161 3097 1190 3148 et
1215 3059 1446 3164 ξξὲἒξὲἓᾞὲξῗῃ

158 3191 251 3251 linem
273 3200 406 3271 gratum,
429 3191 519 3251 rebus
540 3192 687 3268 loquutis,
709 3191 772 3251 dari
795 3191 882 3250 aliter
903 3191 1012 3250 evenit.
1034 3192 1107 3250 Nam
1130 3190 1191 3250 dun

161 3311 296 3353 seorsum
326 3293 454 3372 legatum
484 3293 598 3372 rogavit
627 3302 659 3350 ut
686 3303 753 3371 post
786 3302 845 3350 tam
877 3291 995 3368 longam
1019 3308 1191 3370 perpessam

161 3412 275 3454 moram
297 3412 356 3453 non
378 3395 553 3472 gravaretur
574 3391 673 3452 adlruc
694 3392 799 3470 Brugis
821 3389 924 3451 decem
947 3390 993 3450 vel
1021 3389 1192 3468 quindecim

162 3508 319 3579 expectare
333 3497 439 3557 diebus
454 3497 551 3574 quoad
566 3517 602 3557 ex
620 3496 772 3557 llollandia
793 3495 918 3568 rediret,
938 3506 1059 3574 gratum
1082 3495 1113 3553 in
1137 3512 1209 3553 suo·

194 3805 232 3869 (t)
250 3805 470 3870 Ltsezquntanur.

195 3888 233 3951 (1)
249 3887 487 3940 Eminentiastme?

196 3977 233 4039 (o)
251 3977 323 4027 Lisez
334 3989 425 4027 manu.
