3126 4906
782 443 935 542 (roc)

345 603 362 640 a
385 581 431 642 nis
446 577 550 646 corum
565 583 757 644 multitudine
772 585 867 664 pressi
884 597 965 664 terga
976 584 1048 646 dare
1058 585 1136 646 forte
1147 594 1311 666 augeantur
1321 586 1376 664 (l),

345 704 362 740 a
385 682 585 744 necessarium
606 682 685 744 ieret
704 702 759 745 nos
781 671 973 748 multitudine
987 688 1130 762 telorum,
1146 689 1330 768 sagiplarum
1345 696 1376 747 et

344 807 362 842 a
387 784 701 846 tormentorumobrul
709 807 736 848 a.
744 789 843 861 Quare
854 788 976 866 legatus,
984 806 1089 849 eornm
1101 789 1197 850 laetus
1208 798 1239 849 et
1250 789 1376 867 probato

344 885 477 960 consilio,
489 887 519 946 in
536 886 677 948 tutiorem
692 887 789 949 locum
805 888 831 948 si
845 897 946 966 posset
959 908 989 950 se
1005 889 1139 969 recipere
1154 890 1265 952 statuit.
1281 889 1376 950 Petita

343 986 436 1067 igitur
450 996 480 1048 et
504 1005 641 1048 concessa
656 987 712 1048 sibi
727 987 932 1048 interstrictas
946 987 987 1070 (2)
1001 989 1078 1049 acies
1094 990 1153 1063 via,
1173 989 1210 1049 ad
1224 988 1377 1068 principes

345 1087 537 1148 exercitasse
551 1087 679 1148 contulit
691 1089 743 1166 qui
757 1088 795 1148 ad
809 1099 920 1148 terram
933 1107 968 1149 ex
983 1089 1070 1167 equis
1082 1089 1143 1166 jam
1159 1089 1376 1150 descenderant

344 1188 402 1249 sub
415 1189 540 1250 diversis
555 1187 722 1263 arboribus,
737 1189 863 1267 quisque
884 1189 1058 1252 lectioribus
1071 1189 1163 1250 armis
1177 1209 1209 1250 sc
1221 1191 1375 1266 muniena;

345 1290 382 1351 ad
404 1309 479 1368 quus
499 1290 623 1368 legatus,
639 1301 669 1350 et
688 1291 830 1370 precipue
845 1290 880 1350 ad
897 1291 1082 1371 episcopum,
1105 1291 1326 1352 llumbercourt
1346 1303 1375 1352 et

345 1393 452 1469 berges
463 1390 515 1468 qui
526 1409 704 1470 responsum
717 1392 813 1470 legato
824 1409 840 1450 a
853 1391 927 1452 duce
944 1392 1032 1472 paulo
1046 1403 1116 1452 ante
1130 1392 1303 1453 cediderunt
1313 1391 1374 1473 (5):

346 1515 363 1550 (ι
385 1493 457 1566 Vos,
471 1492 579 1569 inquit,
599 1491 635 1551 ad
658 1492 767 1554 bellum
784 1491 971 1571 accingimini
985 1503 1024 1566 ot,
1040 1504 1073 1553 nt
1088 1494 1192 1568 nostis,
1207 1494 1287 1553 varia
1303 1505 1380 1553 sunt-

346 1613 363 1649 o
385 1592 453 1653 belli
473 1592 645 1653 discrimina
659 1602 689 1653 et
702 1602 844 1667 eventus3
858 1593 906 1653 hie
918 1594 1000 1654 locus
1015 1605 1045 1655 et
1060 1595 1201 1674 temporis
1220 1595 1376 1673 dispositio

345 1713 363 1750 a
384 1691 459 1754 mihi
473 1703 503 1753 et
517 1693 618 1770 paucis
637 1691 711 1752 mris
726 1693 891 1771 periculosa
911 1704 982 1755 sunt
997 1704 1027 1756 et
1039 1693 1141 1755 miuus
1155 1712 1274 1766 secura;
1290 1693 1375 1755 vobis

346 1817 363 1852 >³
385 1795 506 1856 inutiles
527 1796 649 1857 comites
662 1793 700 1854 ad
716 1795 828 1855 bellum
842 1813 946 1855 sumus
961 1806 990 1856 et
1010 1795 1111 1882 minans
1129 1795 1238 1870 idonei,
1257 1807 1287 1856 et
1305 1814 1374 1856 cum

346 1919 364 1954 a
377 1882 443 1957 ¹boc
461 1896 498 1957 ad
517 1895 641 1974 grandia
660 1905 689 1956 et
710 1898 796 1974 plura
819 1896 887 1957 belli
905 1897 1036 1976 pericula
1056 1889 1189 1975 subjecti.
1211 1899 1284 1958 Date
1304 1897 1379 1961 mibi

349 2021 364 2054 o
386 1998 462 2059 duos
484 1997 622 2058 beraldos
644 1998 753 2074 quibus
769 1997 928 2059 comitibus
946 2015 1041 2059 unum
1060 2017 1097 2059 ex
1118 1999 1217 2077 opidis
1239 1999 1383 2076 proximis

347 2121 364 2155 a
387 2107 491 2180 petere
506 2101 627 2178 possim,
642 2098 712 2159 belli
727 2111 869 2160 eventum
885 2110 915 2161 ct
929 2099 1012 2160 ducis
1031 2100 1222 2177 conloquium
1242 2109 1383 2178 expecta-

350 2223 366 2258 ι)
389 2212 482 2261 turus.
498 2220 515 2256 u
527 2199 572 2260 Ad
587 2199 642 2260 hee
658 2200 888 2273 llumbercourt,
903 2203 1093 2278 presentibus
1108 2201 1192 2262 aliis:
1208 2202 1383 2273 allisimus,

348 2325 365 2360 u
388 2290 501 2380 inquit,
515 2303 552 2362 ad
568 2300 762 2380 inquirendos
778 2301 938 2363 familiares
955 2313 1019 2362 tuos
1035 2310 1070 2362 ut
1087 2293 1185 2362 lecum
1207 2303 1267 2363 sint
1283 2322 1289 2362 :
1305 2320 1382 2379 quos

348 2426 365 2461 o
387 2421 544 2483 speramus
567 2404 625 2464 cito
646 2412 805 2475 venturos3
829 2403 1060 2482 ignominiosum
1080 2403 1147 2465 duci
1168 2415 1249 2464 esset
1272 2415 1303 2464 ct
1324 2403 1379 2465 tibi

348 2529 364 2563 u
388 2507 487 2566 minus
502 2525 643 2566 securum
659 2516 691 2567 ut
706 2506 786 2566 solus
800 2504 976 2580 discederes,
992 2523 1046 2566 nec
1061 2523 1114 2565 nos
1129 2505 1286 2566 eohortem
1299 2521 1381 2565 nunc

347 2629 365 2664 a
387 2607 459 2668 dare
485 2625 642 2686 possumus
667 2606 808 2684 quoniam
834 2623 938 2666 omnes
955 2605 1044 2685 jussu
1066 2605 1149 2666 ducis
1169 2607 1207 2665 ad
1227 2606 1380 2666 civitatem

348 2729 365 2764 a
388 2706 616 2787 expugnandam
632 2706 754 2780 accincti
769 2717 850 2775 sunt,
865 2725 922 2768 nec
932 2706 1016 2785 jussa
1039 2707 1187 2784 preterire
1207 2721 1380 2785 quenquam

348 2830 365 2866 a
389 2808 455 2868 licet
470 2827 478 2869 :
493 2819 615 2887 expecta
631 2807 725 2868 donec
741 2808 900 2868 familiares
917 2807 959 2867 tui
973 2807 1111 2868 venerint
1128 2828 1154 2867 n.
1171 2809 1255 2868 Tunc
1268 2808 1379 2868 iterum

346 2912 460 2989 legatus
473 2927 508 2974 :a
520 2911 592 2983 Vos,
602 2909 710 2988 inquit,
722 2928 757 2970 cx
767 2919 853 2986 porte
865 2908 946 2968 ducis
959 2908 1102 2969 retulistis
1114 2927 1162 2968 me
1175 2908 1303 2969 liberum
1314 2927 1381 2969 esse

349 3033 366 3068 o
389 3023 418 3072 et
430 3029 489 3070 non
502 3011 663 3088 captivum,
673 3027 830 3070 aesumnte
841 3007 1028 3088 displicuisse
1038 2994 1209 3087 duciquein
1218 3026 1379 3086 personam

347 3133 365 3168 u
387 3129 483 3171 meam
499 3119 530 3170 el
545 3128 680 3170 meorum
696 3109 826 3188 turpiter
841 3120 870 3169 et
888 3109 990 3186 inique
1009 3120 1080 3170 sunt
1095 3119 1174 3184 aeta3
1190 3111 1214 3170 si
1230 3109 1323 3169 libere
1337 3108 1381 3190 (b)

348 3233 365 3269 a
388 3230 465 3285 sum,
481 3211 549 3271 date
564 3210 638 3271 mibi
653 3209 726 3271 duos
748 3209 886 3272 heraldus
907 3210 1016 3288 quibus
1037 3212 1105 3272 solis
1126 3223 1283 3272 contentus
1301 3228 1381 3284 sum,

348 3335 365 3370 a
388 3332 443 3376 nce
453 3313 540 3374 aliam
551 3311 703 3374 cohortem
718 3311 841 3389 acquiro
852 3331 890 3374 ne
901 3322 1034 3374 restrum
1049 3312 1211 3374 exercitum
1226 3313 1381 3376 minuam:

348 3435 365 3470 u
388 3414 413 3474 sl
438 3413 494 3474 boe
518 3412 708 3495 negaveritis,
733 3411 911 3474 existimabo
934 3432 983 3475 me
1008 3413 1158 3491 captivum
1184 3431 1248 3472 esse
1269 3423 1298 3472 et
1325 3429 1380 3472 vos

381 3703 418 3768 (l)
435 3705 507 3753 bisen
517 3707 653 3767 coquntur.

381 3789 418 3852 (Ξ)
437 3789 642 3840 Lisco-structos.

380 3877 418 3940 (ὅ)
435 3875 508 3926 bisen
518 3875 695 3927 reddiderant.

353 3983 355 3988 ’
381 3962 419 4027 (l)
436 3961 509 4013 lisca
521 3960 592 4012 liber.
