3088 4926
821 479 949 574 (72)

371 619 583 697 »sumpserim
608 618 793 696 corporales,
815 631 845 676 et
864 615 991 678 maxime
1014 619 1043 676 in
1066 629 1196 695 quatuor
1210 619 1296 678 «lictis
1319 638 1399 678 more

371 741 389 776 u
406 721 500 798 patrie
515 720 650 797 proxime
671 717 844 793 celebratis,
861 728 894 778 ut
908 737 958 778 ros
974 737 989 776 a
1006 717 1083 778 bello
1100 718 1315 796 reprimerem,
1336 718 1399 799 ipse

371 823 503 881 »vidisti
519 833 549 881 et
563 841 667 882 ornnes
682 823 732 900 qui
748 835 845 881 tecum
861 830 951 881 sunt:
969 819 1072 880 reduxi
1089 821 1238 880 furentem
1257 823 1397 900 populum

371 945 389 979 >r
405 935 433 982 et
449 924 530 981 omni
550 943 626 1001 pene
648 911 794 1002 pacis'spe
814 921 991 982 destitutum
1006 921 1042 980 ad
1059 941 1107 980 cas
1122 920 1308 981 conditiones
1328 941 1399 998 quas

371 1047 388 1081 u
404 1025 467 1102 ipse
487 1025 617 1102 petiisti:
641 1023 718 1101 quod
736 1042 833 1100 neque
855 1042 908 1102 ego
925 1042 980 1083 nce
1001 1035 1032 1083 tu
1050 1042 1148 1100 neque
1163 1035 1262 1100 patres
1280 1025 1402 1084 ecclesie

370 1147 387 1181 u
404 1143 536 1202 unquam
553 1137 717 1203 putassent,
731 1122 839 1184 litteris
853 1123 906 1183 tibi
918 1140 972 1201 per
986 1143 1033 1184 me
1050 1124 1174 1182 traditis.
1184 1125 1399 1184 Cumomnium

372 1251 390 1286 u
405 1247 473 1306 spes
482 1229 544 1307 jam
558 1228 644 1287 firma
657 1240 735 1287 esset
750 1227 852 1286 lutere
871 1227 950 1307 pacis
966 1238 995 1287 et
1006 1227 1129 1304 jocundi
1145 1226 1297 1305 ingressus
1314 1227 1355 1286 tui
1369 1227 1399 1286 in

343 1391 346 1396 ⁴
372 1350 389 1385 u
405 1330 553 1389 civitatem
567 1329 627 1408 (qui
641 1329 720 1388 solus
732 1329 865 1388 omnium
883 1339 1002 1406 patrum
1018 1328 1163 1388 sementia
1176 1346 1292 1387 summe
1304 1347 1401 1388 neces-

295 1477 298 1484 .
372 1450 389 1484 u
404 1430 498 1489 sarius
507 1429 659 1508 judicatur
675 1448 729 1506 pru
745 1429 839 1506 ipsius
854 1429 979 1489 civitatis
992 1441 1019 1488 ct
1029 1429 1123 1506 patrie
1136 1430 1230 1487 salute
1242 1448 1275 1486 ac
1289 1447 1343 1507 pro
1355 1427 1400 1486 his

373 1552 391 1587 u
406 1531 546 1590 omnihus
562 1531 688 1590 feliciter
700 1529 917 1609 comedendis),
934 1542 962 1590 tc
977 1549 1044 1589 cum
1062 1531 1120 1589 tuis
1135 1531 1170 1590 ad
1188 1531 1401 1589 monasterium

372 1653 389 1688 »
404 1631 635 1693 Veteris-vincti
660 1650 880 1703 commeassem,
895 1631 998 1690 venire
1013 1633 1166 1704 recusasti,
1179 1649 1281 1708 yxnnxo
1298 1643 1326 1691 te
1342 1649 1398 1690 non

373 1757 390 1792 u
406 1754 492 1813 posse
508 1735 650 1813 scripsisti
665 1754 720 1794 nec
742 1735 840 1794 valere
859 1744 1012 1810 acceptare
1030 1733 1164 1792 cedulam
1183 1733 1278 1810 ipsam
1298 1732 1400 1792 subdi·

372 1856 389 1891 u
406 1844 504 1894 torum
521 1846 651 1909 tuorum,
663 1833 870 1894 rationabilem
886 1834 966 1906 satis,
983 1853 1035 1912 per
1051 1853 1097 1892 me
1111 1833 1162 1892 tibi
1178 1833 1336 1893 tradditam
1351 1836 1400 1913 (l),

372 1958 389 1992 u
405 1937 545 2012 quoniam
568 1937 690 1997 illustris
710 1937 883 2016 Burgundio
902 1935 979 2004 dux,
1001 1935 1093 1994 irater
1115 1944 1144 1994 ct
1159 1937 1398 2014 consanguineus

372 2060 389 2094 u
406 2050 490 2112 tuus,
507 2037 560 2096 tibi
572 2039 689 2116 scripsit
705 2057 736 2096 se
751 2040 917 2116 suscepisse
932 2056 1008 2097 onus
1024 2037 1257 2115 recuperationis
1273 2036 1398 2096 civitatis

372 2158 390 2193 u
406 2147 456 2195 tue
470 2157 519 2211 ac,
536 2157 589 2215 pro
605 2157 636 2196 ea
650 2139 731 2197 read
745 2149 913 2198 extremum
929 2139 1111 2209 deducenda,
1124 2147 1220 2196 certos
1231 2139 1398 2216 capitaneos

372 2257 389 2291 a
405 2255 471 2296 cum
491 2239 630 2315 gentibus
645 2238 681 2297 ad
697 2251 725 2298 te
740 2238 844 2299 mictit.
860 2239 911 2298 llic
926 2247 970 2298 est
983 2250 1069 2299 tenor
1086 2239 1252 2299 litterarum
1268 2250 1395 2298 tuarum.

413 2360 431 2393 a
446 2340 521 2399 Satis
533 2359 681 2417 superque
694 2339 834 2398 admirari
848 2358 906 2399 non
915 2340 1095 2419 desiuoquid
1108 2351 1223 2400 tantttm
1237 2342 1397 2400 exercitum

373 2463 390 2497 u
406 2460 584 2501 conmoverc
606 2453 634 2502 et
659 2452 815 2520 expectare
843 2453 979 2521 oporteat
1006 2443 1042 2501 ad
1074 2442 1308 2519 recuperandam
1332 2461 1397 2502 cum

374 2563 391 2598 u
407 2542 501 2602 multo
517 2541 661 2622 sanguine
672 2543 917 2620 civitatemquam
932 2551 961 2602 tu
976 2561 1034 2602 nun
1050 2541 1203 2620 perdidisti
1213 2543 1398 2616 velamisisti,

373 2664 390 2699 u
408 2644 462 2702 etsi
486 2642 649 2720 perdidisse
665 2654 693 2702 te
709 2655 793 2722 putas
809 2662 816 2702 :
832 2645 921 2715 solus,
932 2642 1073 2723 jocunde,
1087 2643 1150 2702 sine
1168 2643 1253 2720 bello,
1269 2644 1339 2704 cede
1354 2645 1398 2703 vel

289 2820 291 2824 Α
373 2765 391 2799 »
406 2743 551 2822 sanguine
573 2763 750 2823 recuperare
765 2757 865 2822 potcs;
878 2745 946 2810 imo,
963 2744 987 2803 si
1002 2744 1163 2803 exercitum
1183 2744 1397 2821 expectaveris,

373 2867 391 2902 >a
406 2846 526 2921 penitus
543 2855 573 2903 et
588 2845 618 2904 in
639 2855 777 2905 eternum
800 2846 895 2922 ipsam
920 2844 1093 2923 perditurus
1109 2863 1150 2914 es,
1166 2864 1319 2922 nunquam
1335 2863 1398 2904 eam

373 2967 390 3001 a
409 2945 568 3005 habiturus
580 2946 707 3023 amplius
720 2955 772 3004 aut
789 2946 992 3005 visurus.Scio
1005 2945 1075 3024 quid
1093 2947 1197 3022 loquor
1212 2954 1242 3004 et
1256 2947 1326 3005 satis
1339 2946 1398 3024 jam

373 3066 390 3099 a
407 3046 549 3116 intellexi,
564 3046 587 3104 si
603 3046 750 3104 exercitus
762 3045 845 3104 ducis
856 3046 964 3104 iterum
977 3047 1103 3120 uenerit,
1115 3064 1171 3122 qua
1185 3045 1222 3104 sit
1237 3046 1400 3106 intentione

367 3136 390 3203 'a
408 3157 554 3205 venturus
570 3166 577 3205 :
595 3145 696 3206 videre
714 3146 775 3224 jam
795 3147 898 3205 videor
920 3159 1031 3206 tetrum
1052 3165 1191 3224 vaporem
1212 3145 1400 3206 ascendentis

374 3269 392 3303 u
407 3247 482 3307 lumi
497 3247 692 3318 iucendcndc,
709 3248 785 3327 proh
801 3247 898 3309 dolor!
915 3248 1041 3307 civitatis
1057 3260 1106 3308 tue
1124 3247 1304 3320 leodiensis;
1320 3247 1399 3325 quod

374 3370 391 3404 u
406 3359 490 3408 atrox
507 3349 708 3426 spectaculum
726 3368 779 3409 nec
794 3348 895 3408 videre
906 3368 1028 3428 possum
1040 3367 1094 3407 nec
1105 3349 1181 3424 rolo,
1197 3359 1276 3406 trans
1290 3351 1400 3408 Mosam

372 3471 390 3506 u
406 3451 435 3508 in
456 3449 642 3508 Germaniam
660 3449 804 3508 abiturus.
823 3449 907 3522 Quod
929 3449 953 3508 si
975 3458 1003 3507 te
1022 3448 1095 3507 illud
1111 3458 1245 3526 spectare
1261 3449 1401 3522 delectat,

373 3573 390 3607 u
406 3551 509 3630 procul
522 3549 613 3609 dubio
623 3551 759 3628 proxime
771 3549 889 3610 risurus
905 3568 950 3618 es;
962 3562 991 3608 et
1004 3549 1028 3608 si
1043 3547 1120 3608 hatrc
1131 3549 1261 3628 appellas
1277 3567 1401 3628 recupe-

373 3674 390 3708 »
408 3654 563 3725 rationem,
582 3664 661 3711 certe
684 3671 742 3710 nou
761 3664 839 3711 reete
862 3654 953 3712 sentis
976 3663 1004 3710 et
1020 3651 1214 3711 veliementer
1228 3669 1319 3710 erras.
1341 3651 1401 3727 ligo

373 3776 390 3809 a
405 3753 443 3813 ab
457 3753 617 3832 apostolica
633 3754 702 3812 sede
721 3765 750 3812 et
767 3773 789 3813 s.
807 3755 835 3812 d.
851 3772 880 3812 n.
900 3753 991 3812 Paulo
1006 3754 1042 3826 ll,
1056 3750 1198 3831 pontifice
1215 3751 1358 3826 maximo,
1372 3761 1401 3811 ct

405 3995 442 4056 (l)
460 3997 529 4046 lisez
539 3997 671 4046 traditam.
