3102 4914
755 509 758 514 ·
843 458 856 551 l
884 447 932 532 96
959 459 971 546 l

386 619 405 652 a
428 595 483 656 sub
498 594 651 672 quibusvis
667 595 827 654 verborum
844 594 957 670 lormiS,
973 597 1061 654 etiam
1077 596 1107 653 in
1123 595 1171 664 die
1186 597 1265 655 Cene
1285 587 1415 670 Domini,

296 704 300 710 '
389 719 406 752 a
428 694 545 754 anobis
566 697 612 755 vel
631 694 701 754 sede
723 696 853 772 predicta
873 707 923 755 aut
941 696 1043 773 legatis
1059 696 1105 756 vel
1122 696 1267 776 numptiis
1282 679 1416 774 ejusdem

388 821 405 854 n
428 808 530 856 eontra
555 795 702 875 predictos
728 816 894 874 eorumque
916 798 1060 871 subditos,
1085 799 1226 873 lavatores,
1249 796 1416 876 complices,

347 959 348 962 ,
389 921 407 956 a
429 887 618 970 adherentes,
632 916 773 975 sequaces
787 898 875 958 accis
893 899 1103 978 participantes
1119 919 1168 958 sen
1185 900 1420 970 auxilium,eon·
1465 938 1467 944 ,
1534 931 1536 994 Ξ

389 1002 527 1062 »silium
553 1002 597 1061 vel
624 1000 756 1060 favorem
784 1013 962 1078 prestantes,
992 1001 1021 1059 in
1050 1019 1160 1078 genere
1189 1001 1233 1060 vel
1265 1002 1293 1060 in
1324 1003 1418 1079 spetie

390 1126 407 1159 a
430 1101 662 1180 quomodobilet,
674 1120 708 1161 ex
722 1101 951 1178 quibuscunque
967 1103 1071 1174 causis,
1088 1100 1264 1181 urgentibus
1280 1112 1309 1160 ct
1321 1120 1420 1162 neees-

391 1228 407 1259 »
430 1205 524 1278 sariiS,
539 1215 689 1276 emanatas
709 1215 739 1262 et
757 1203 873 1263 liabitas
892 1224 925 1263 ae
943 1205 1016 1263 latas
1032 1216 1062 1262 et
1077 1204 1288 1283 promulgatas,
1303 1203 1418 1263 etiamsi

391 1327 408 1360 a
431 1304 468 1364 de
480 1309 522 1364 eis
534 1303 669 1364 habenda
681 1312 758 1363 esset.
773 1305 885 1363 mentio
900 1304 1047 1382 specialiS,
1062 1304 1196 1382 specifica
1210 1314 1239 1364 et
1250 1303 1419 1363 individua-

393 1429 409 1462 »
432 1407 475 1478 lis;
489 1405 742 1484 bnrgirnagistros,
755 1405 902 1479 consules,
910 1405 1038 1483 juratoS,
1049 1406 1126 1466 cives
1137 1416 1166 1486 et
1177 1405 1247 1465 alios
1261 1405 1419 1483 predictos,

392 1529 410 1564 a
435 1526 548 1567 necnon
571 1525 675 1566 omnes
697 1515 728 1566 et
753 1507 885 1586 singulas
906 1507 978 1564 alias
993 1507 1214 1580 ecclesiasticas,
1228 1507 1376 1566 seculares
1391 1518 1419 1566 et

393 1630 410 1665 >a
431 1608 605 1685 quorumvis
621 1607 760 1668 ordinum
777 1607 927 1686 regulares
942 1616 1031 1684 atque
1042 1607 1157 1666 laicales
1170 1626 1312 1684 personas
1324 1609 1420 1687 eujus-

393 1731 410 1764 »
432 1707 1419 1790 cunquedignitatis,status,gradus,nobilitatisvelpreerninentie

393 1832 409 1866 a
432 1797 554 1886 luerint,
565 1831 624 1890 que
638 1810 801 1871 eorundem
811 1809 1015 1888 predictorum
1031 1809 1217 1883 adherentes,
1230 1810 1361 1869 lautores
1377 1809 1420 1868 vel

392 1935 409 1968 o
433 1925 531 1991 partes
553 1912 666 1972 inerint
686 1913 732 1972 vel
755 1911 854 1970 adhuc
875 1912 943 1980 sint,
967 1911 1013 1970 vel
1035 1910 1227 1970 interdictum
1248 1911 1418 1988 hujusmodi

394 2036 410 2070 a
434 2026 568 2074 nostrum
594 2015 780 2088 violaverint,
806 2014 919 2072 etiamsi
946 2031 1049 2072 earum
1077 2013 1121 2072 vel
1143 2013 1264 2092 alicujus
1286 2015 1418 2090 ipsorum

393 2135 410 2168 a
432 2112 577 2172 absolutio
599 2132 633 2171 es
656 2111 760 2189 quavis
781 2130 867 2170 eausa
890 2111 975 2171 nobis
998 2121 1114 2170 tantum
1137 2110 1182 2169 vel
1201 2111 1419 2171 successoribus

366 2263 368 2270 ,
393 2234 410 2268 a
433 2214 543 2273 nostris
564 2213 731 2291 specialiter
752 2223 829 2272 esset
851 2211 1010 2278 reservata.
1034 2232 1048 2270 a
1075 2212 1259 2289 processibus
1282 2212 1420 2290 predictis

393 2339 410 2373 t<
433 2334 550 2375 necnon
571 2315 694 2394 singulis
716 2315 1010 2387 excomunicationis,
1033 2315 1229 2374 anathematis
1252 2325 1281 2374 ct
1301 2314 1422 2374 maledi-

394 2439 411 2472 »
433 2417 538 2476 ctionis
550 2428 662 2490 eterne,
673 2415 847 2494 privationis
856 2433 974 2492 qnoque
984 2425 1012 2474 et
1022 2416 1085 2474 aliis
1094 2415 1248 2492 quibusvis
1258 2415 1422 2489 sententiis,

393 2539 410 2572 a
432 2517 577 2594 censuris,
588 2518 804 2596 juramentiset
813 2519 907 2598 penis,
919 2519 942 2578 si
958 2518 1068 2596 quibus
1080 2519 1137 2596 ipsi
1153 2519 1257 2594 quavis
1270 2519 1423 2578 occasione

394 2641 411 2674 a
433 2620 479 2678 vel
501 2639 595 2694 cansa,
617 2631 646 2678 et
663 2620 819 2699 presertim
837 2620 961 2696 predicti
976 2639 1009 2678 ac
1025 2619 1069 2678 sni
1086 2620 1114 2678 in
1132 2618 1187 2678 hac
1203 2633 1287 2698 parte
1302 2619 1421 2697 fidejus-

394 2743 410 2778 »
432 2740 522 2797 sores,
546 2723 659 2782 ratione
683 2720 886 2780 inobedientia
907 2731 936 2784 et
958 2720 1130 2780 rebellionis
1152 2721 1197 2780 vel
1221 2721 1423 2802 cujuscunque

393 2847 410 2881 a
432 2823 557 2884 alterins
569 2823 763 2896 contumacia,
775 2824 934 2900 inlaqueati
948 2823 992 2881 vel
1005 2821 1139 2882 innodati
1153 2831 1240 2896 sunt;
1259 2841 1374 2881 necnon
1386 2811 1423 2881 ab

395 2947 412 2982 a
434 2925 572 2985 onmibns
594 2933 623 2982 et
638 2923 762 3002 svrgatis
777 2923 840 2983 aliis
854 2923 1033 2996 excessibus,
1055 2923 1240 2994 criminibus,
1261 2934 1424 3002 transgres-

396 3050 413 3084 a
435 3027 579 3101 sionibus,
600 3024 750 3105 perjuriis,
763 3025 942 3102 juramentis
958 3037 985 3084 et
1003 3026 1138 3104 peccatis,
1159 3025 1247 3083 ctiam
1262 3037 1423 3102 quantum-

396 3150 413 3184 »
435 3146 554 3204 cunque
574 3126 749 3186 enormibus
764 3146 796 3185 ac
813 3125 920 3186 talibus
940 3145 998 3205 que
1013 3127 1132 3204 dejure
1146 3125 1272 3204 exprimi
1289 3137 1316 3185 et
1332 3125 1425 3204 speci·

396 3249 413 3284 s
436 3213 517 3287 licari
531 3227 618 3314 nobis
632 3227 786 3298 deberent,
803 3226 840 3287 de
855 3227 963 3304 quibus
979 3238 1078 3288 tamen
1098 3226 1186 3287 eorde
1201 3228 1320 3287 contriti
1334 3240 1363 3287 et
1374 3246 1425 3288 ore

398 3350 415 3384 n
437 3327 563 3386 eoniessi
579 3327 701 3402 luerint,
720 3328 883 3388 dnmmodo
897 3327 928 3386 id
943 3325 1099 3387 humiliter
1120 3326 1261 3408 petierint
1277 3328 1306 3386 in
1332 3326 1424 3386 iorma

397 3419 413 3484 a
436 3428 563 3487 Eeclesie
583 3438 672 3505 prout
694 3429 853 3506 unicuique
877 3428 953 3506 opus
975 3429 1045 3504 erit,
1066 3448 1099 3487 ae
1122 3428 1209 3488 etiam
1231 3429 1280 3504 qui
1306 3441 1427 3507 propter

398 3550 415 3586 a
438 3537 550 3589 suetum
566 3529 700 3607 eorporis
712 3539 741 3588 et
755 3529 903 3591 bonorum
916 3529 1106 3590 interdictum
1124 3530 1246 3589 minime
1257 3541 1425 3606 servarunt,

398 3653 415 3686 a
439 3631 550 3690 nullam
566 3634 710 3693 maceriam
725 3632 952 3710 irregularitatis
966 3631 1140 3706 incurrisse,
1156 3641 1247 3708 prout
1262 3632 1425 3692 seeundum

399 3753 416 3786 a
439 3727 1426 3813 Deuntet'justitiamtibividebitnrlsuperquotuamconscientiam

400 3853 417 3888 a
439 3832 623 3910 oneramus),
641 3830 825 3906 declarandi3
848 3850 963 3892 necnon
985 3831 1118 3910 predicto
1133 3831 1175 3912 (l)
1194 3831 1231 3892 ab
1250 3831 1428 3911 obligatione

432 4059 467 4122 (ll
484 4059 557 4112 Lisez
567 4061 707 4125 predictos.
