3126 4906
805 440 957 536 (rra)

406 580 474 645 Visa
500 579 620 639 demum
649 579 704 638 hac
730 579 931 640 obstinatione
955 581 1046 643 animi
1070 582 1278 645 leodiensium
1303 598 1333 648 et
1358 589 1398 649 ob

365 680 603 760 desperationem
626 678 729 739 salutis
743 679 779 739 ad
795 688 922 740 mortem
945 681 1133 742 subeundam
1148 682 1259 754 delixa,
1274 685 1397 759 iterum,

364 781 463 843 medio
478 781 626 858 episcopo,
641 778 679 838 de
695 798 765 858 paee
782 787 893 852 aetum,
914 779 1011 840 oblata
1035 782 1140 842 salutis
1162 801 1226 862 spe,
1241 796 1275 844 ut
1288 785 1395 846 ducem

362 901 431 942 eum
453 880 585 942 exercitu
604 878 721 958 ingredi
740 879 889 940 civitate-m
905 879 1051 952 sinerent,
1066 880 1104 944 de
1118 883 1266 944 seditiosis
1280 896 1395 948 tantum

361 993 393 1043 ot
414 981 601 1062 principibus
620 979 755 1040 factionis
771 998 863 1060 penas
877 989 1080 1059 sumpturum.
1095 985 1154 1043 llac
1168 985 1312 1048 relatione
1327 1006 1395 1049 sus-

360 1071 457 1164 cepta,
478 1080 663 1154 leodienses,
680 1081 728 1141 die
742 1081 891 1142 dominico
912 1088 984 1142 xxx·
999 1086 1109 1144 mensis
1123 1084 1262 1158 octobris,
1276 1105 1395 1149 summo

360 1185 504 1254 diluculo,
524 1183 575 1260 qui
595 1182 631 1242 ad
651 1181 707 1242 boe
724 1181 860 1260 deputati
879 1194 966 1244 erant
986 1183 1017 1242 in
1037 1185 1193 1245 consilium
1208 1204 1294 1247 more
1306 1189 1395 1250 solito

360 1303 528 1345 convenere
541 1281 620 1363 (eum
636 1295 726 1342 totam
742 1293 859 1342 noctem
876 1283 984 1362 vigiliis
1004 1293 1035 1344 et
1053 1285 1155 1365 preliis
1171 1288 1396 1370 transegissent)

332 1378 335 1386 ⁴
360 1387 397 1448 de
412 1387 458 1446 his
474 1385 553 1463 pacis
567 1384 787 1444 conditionibus
805 1387 974 1460 tractaturi,
989 1386 1103 1465 reliqua
1120 1388 1222 1466 populi
1239 1397 1324 1468 parte
1339 1409 1395 1470 per

359 1488 491 1548 diversos
503 1486 638 1546 ecelesias
653 1485 690 1545 ad
705 1485 805 1545 divina
818 1486 955 1556 intentis;
970 1487 1081 1563 quibus
1094 1487 1135 1546 ita
1150 1489 1393 1568 consistentibus,

360 1592 581 1652 llumberoourt
601 1587 679 1668 apud
703 1605 753 1648 eos
775 1601 967 1650 conversatus
990 1599 1019 1650 et
1041 1589 1234 1651 consiliorum
1256 1593 1393 1671 ipsorum

358 1694 429 1753 satis
450 1691 584 1762 edoctus,
605 1689 698 1750 suasit
718 1689 844 1750 ducibus
865 1689 1012 1750 exereitus
1034 1699 1068 1749 ut
1089 1691 1152 1750 suis
1171 1690 1300 1768 quisque
1321 1694 1393 1755 locis

357 1794 508 1854 civitatem
529 1789 721 1864 invaderent,
743 1791 828 1869 signo
842 1789 911 1849 dato
926 1789 985 1848 ictu
1002 1789 1174 1850 bombarde.
1190 1791 1291 1851 Solere
1309 1794 1392 1854 enim

358 1895 534 1956 leodienses
546 1909 678 1952 summes
693 1899 779 1951 nocto
793 1890 907 1969 vigilias
918 1909 1006 1970 agere
1020 1900 1050 1950 et
1061 1890 1165 1952 hostes,
1174 1893 1327 1967 lacessere,
1338 1895 1392 1955 sed

356 1997 555 2057 inlucescente
570 1993 618 2053 die
634 2011 666 2053 se
681 1993 775 2069 quieti
789 1992 870 2052 dare.
887 1993 1038 2053 Persuasis
1055 1993 1146 2069 igitur
1161 1993 1288 2068 ducibus
1303 2013 1392 2055 exer·

355 2099 442 2167 citus,
465 2093 678 2156 leodiensibus
691 2093 789 2154 adbuc
808 2095 839 2154 in
857 2094 981 2154 consilio
996 2105 1026 2154 et
1040 2094 1071 2155 in
1087 2095 1220 2155 eeclesiis
1242 2107 1275 2156 ut
1296 2114 1390 2176 supro

354 2197 485 2257 diximus
500 2194 700 2266 manentibus,
717 2195 764 2255 die
779 2194 930 2256 dominico
947 2194 985 2254 de
1004 2213 1102 2268 mane,
1114 2214 1182 2256 eum
1199 2197 1229 2256 in
1247 2198 1390 2260 omuibus

354 2295 485 2358 eeclesiis
498 2295 599 2356 divina
615 2294 778 2354 ministeria
794 2305 825 2354 et
839 2296 928 2356 misse
946 2295 1132 2356 sollemniter
1153 2296 1389 2370 celebrarentur,

353 2399 481 2476 quisque
496 2396 727 2477 Burgundorum
743 2396 863 2469 ducum,
879 2397 980 2457 audito
997 2398 1090 2476 signo,
1111 2398 1150 2459 ab
1172 2418 1205 2459 ca
1229 2409 1313 2479 parte
1326 2420 1388 2479 que

353 2500 408 2561 sibi
425 2499 541 2559 decreta
558 2507 622 2560 crat
637 2507 762 2576 repente
776 2498 887 2558 civitati
904 2498 1014 2558 bellum
1030 2500 1133 2560 intulit
1147 2519 1155 2560 t
1169 2519 1270 2579 quam,
1286 2503 1387 2581 paucis

352 2599 513 2660 admodum
529 2599 746 2669 resistentibus,
761 2599 886 2678 ingressi
901 2611 982 2673 sunt,
997 2608 1027 2659 et
1043 2599 1195 2679 potissime
1206 2601 1301 2680 major
1316 2621 1386 2681 pars

353 2721 407 2781 per
429 2708 545 2779 portam
567 2698 832 2760 Sancti-Lmnardi.
856 2701 953 2759 Duces
976 2699 1111 2779 precipui
1137 2713 1203 2778 post
1229 2720 1329 2781 regem
1355 2716 1386 2764 et

350 2802 612 2877 denominarent:
626 2798 782 2860 bastardus
798 2798 979 2879 burgundie,
995 2800 1138 2860 naturalis
1156 2800 1235 2860 lilius
1253 2801 1384 2883 Philippi

350 2904 432 2965 ducis
446 2903 612 2982 premortui
624 2913 653 2962 et
664 2902 757 2961 irater
769 2901 865 2961 Caroli
877 2901 960 2961 ducis
973 2902 1120 2980 presentis
1131 2900 1181 2982 (l),
1194 2902 1334 2964 dominus
1345 2904 1385 2966 de

350 3009 512 3079 lievesten,
527 3003 621 3063 irater
635 3021 795 3082 germanus
809 3002 893 3062 ducis
909 3002 1066 3078 clivensis,
1081 3002 1278 3063 consobrinus
1294 3004 1382 3065 etiam

350 3105 445 3166 Caroli
466 3103 613 3182 presentis
632 3102 730 3176 deicis,
744 3111 832 3160 natus
847 3119 882 3162 ex
899 3119 1002 3161 sorore
1021 3101 1105 3162 ducis
1124 3102 1255 3181 Pbilippi
1273 3103 1383 3164 delun·

348 3349 384 3400 ci.
398 3350 435 3399 les
446 3347 563 3398 Annales
574 3346 605 3397 de
617 3346 717 3397 t'Aood,
729 3344 869 3396 darrbtot
881 3346 911 3395 do
925 3345 1005 3410 Belp,
1019 3347 1034 3399 Ι.
1048 3360 1080 3411 c,
1092 3361 1133 3410 pp.
1144 3347 1194 3398 nte
1206 3348 1220 3397 a
1232 3347 1289 3398 668.
1304 3364 1315 3394 c
1334 3345 1381 3400 lllo

346 3449 404 3486 sero
414 3433 457 3497 (rs
471 3433 584 3496 octobre)
602 3432 679 3482 exivit
696 3433 762 3483 Goes
780 3433 812 3482 de
829 3431 938 3481 Strattbe
956 3445 1001 3494 per
1018 3432 1095 3483 valles
1112 3433 1247 3491 montium,
1261 3445 1319 3484 oum
1334 3445 1380 3484 occ

346 3523 430 3586 sociis,
446 3529 473 3572 et
489 3522 629 3583 pervenite
642 3526 710 3569 retro
724 3517 848 3581 usquead
861 3519 999 3568 tentorium
1016 3518 1101 3579 ducis,
1119 3525 1146 3568 et
1162 3519 1189 3568 in
1206 3519 1273 3570 ostio
1288 3519 1381 3571 domus

345 3608 529 3660 interfecerunt
546 3607 695 3656 servitorem
715 3604 789 3654 ducis
809 3610 836 3655 et
856 3604 1020 3654 incenderunt
1038 3605 1175 3654 tentorium
1194 3605 1278 3664 ducis,
1294 3610 1343 3656 etc.
1362 3623 1374 3653 ι

343 3697 464 3760 (Anares,
476 3692 523 3743 cot.
537 3692 621 3752 1541.)
635 3707 645 3736 r
661 3690 726 3741 licre
742 3690 839 3752 egressi
855 3703 885 3739 ex
901 3689 995 3739 leodio
1012 3701 1057 3752 per
1075 3696 1172 3752 portam
1188 3689 1213 3738 S.
1230 3689 1378 3752 Margaretae

344 3795 393 3833 non
412 3781 495 3830 minus
514 3779 619 3829 trecenti
637 3777 709 3828 viri...
729 3794 739 3823 a
757 3776 832 3838 (less
851 3789 881 3825 or
901 3775 978 3834 booz,
997 3775 1059 3826 dans
1082 3776 1114 3825 de
1136 3775 1210 3836 Ram,
1227 3790 1251 3839 p.
1268 3773 1375 3838 ddici.

343 3867 522 3924 Procotornru,
533 3865 603 3924 ibid,
617 3877 640 3926 p.
652 3862 709 3913 380.

376 3951 412 4016 tt)
430 3951 545 4010 Antoine,
557 3949 645 3999 bitard
656 3949 689 3998 de
702 3949 857 4012 Bourpogne„
