3126 4906
587 449 740 546 (aar)

149 617 167 659 a
190 594 425 655 illustrissimum
454 592 624 671 Burgundic
651 590 757 650 ducem
788 609 854 652 csse-
883 593 1124 670 potentissimum
1151 609 1181 658 et

148 717 167 754 »
189 694 289 766 talem,
304 692 533 771 imo-majorem,
547 709 637 769 quam
656 691 720 768 ipse
736 691 943 768 predicavcrit,
964 712 1018 754 nec
1036 713 1090 755 nos
1105 695 1180 759 duos

147 816 165 856 a
188 814 297 876 parvos
317 795 473 872 episcopos
497 794 595 871 ipsum
616 793 798 870 compellere
812 810 899 870 posse
910 806 945 853 ut
959 815 991 855 se
1006 796 1092 857 nobis
1105 796 1175 859 sub·

146 922 163 958 a
186 900 299 966 mietata
312 897 363 957 sad
376 895 518 956 indecens
528 903 572 956 est
583 904 612 954 et
622 895 711 954 etiam
724 895 862 972 iniquum
873 906 906 956 ut
917 898 1036 958 ecclesie
1044 901 1176 960 Romana

145 1025 163 1058 a
185 1010 213 1062 et
234 998 402 1061 teodiensts
419 1015 451 1058 sc
470 996 526 1057 sibi
547 995 737 1065 submietant.
750 993 815 1054 'nec
837 1014 968 1074 unquam
983 997 1072 1058 eredo
1087 1018 1119 1060 se
1134 1001 1177 1060 illi

144 1125 162 1160 a
184 1113 292 1180 sponte
316 1099 517 1160 submissurus
539 1096 597 1157 nisi
617 1097 647 1156 vi
668 1107 791 1156 coactas.
813 1099 873 1173 Ego
899 1098 928 1157 in
956 1100 1175 1177 presentiarum

144 1227 162 1261 a
180 1203 327 1281 justitiam
351 1202 427 1261 tueri
449 1198 506 1260 nisi
522 1198 621 1258 verbis
644 1217 778 1277 nequeo;
799 1199 822 1259 si
838 1199 910 1262 mihi
926 1200 1028 1261 eadem
1047 1210 1175 1278 potestas

143 1329 162 1364 a
183 1305 229 1365 vel
240 1376 244 1382 Ι
257 1303 389 1384 potentia
408 1313 485 1362 esset
499 1301 595 1382 qualis
619 1310 649 1360 et
668 1301 835 1377 auctoritas,
852 1302 937 1380 plura
949 1304 1110 1381 cogitarem
1124 1316 1176 1365 aut

144 1429 161 1463 »
183 1404 324 1478 dicerem,
340 1413 368 1463 et
388 1401 466 1462 sorte
482 1401 671 1462 marescallus
686 1401 788 1461 mitius
803 1401 985 1478 loqueretur.
1003 1404 1087 1463 Multi
1104 1416 1175 1465 sunt

143 1529 160 1563 a
182 1505 244 1566 dies
256 1505 348 1583 elapsi
359 1502 470 1580 quibus
482 1502 558 1562 hane
571 1502 937 1581 previdicalamitatem,et
946 1504 1058 1584 pluries
1071 1505 1175 1566 abesse

142 1629 160 1664 a
183 1604 273 1666 statui
291 1615 321 1666 et
343 1604 499 1681 temptavi3
514 1603 564 1662 sad
586 1621 650 1662 sors
663 1613 724 1662 aut
743 1603 798 1662 Dei
820 1604 955 1664 voluntas
974 1605 1014 1664 ita
1030 1624 1090 1665 non
1106 1607 1175 1668 tulit

143 1727 160 1763 >r
172 1716 216 1789 ut
234 1706 386 1765 abessem:
402 1705 449 1764 eui
464 1722 570 1783 parere
585 1721 706 1762 neccsse
718 1715 770 1764 est.
785 1706 930 1763 Transeat
944 1723 1015 1784 ergo
1030 1725 1077 1765 res
1092 1719 1174 1768 sorte

142 1830 159 1864 a
180 1808 448 1868 suaetDeinutul
472 1827 489 1863 >r
542 1873 545 1878 ‚

181 1908 306 1970 Secessit
322 1908 477 1986 episeopus
489 1925 555 1966 curn
568 1907 670 1984 legatis
684 1905 889 1968 leodiensium
905 1905 941 1965 ad
955 1915 1078 1984 partem,
1090 1918 1123 1967 ut
1134 1908 1171 1968 de

140 2009 302 2069 marescalli
327 2006 427 2067 verbis
442 2007 531 2066 simul
542 2007 701 2084 agitarcnt;
715 2006 837 2066 accessit
851 2017 880 2065 et
901 2005 1120 2068 llunrbercourt
1133 2007 1170 2066 ad

138 2111 267 2190 legatum
283 2126 428 2178 seorsum,
441 2107 568 2166 maxime
583 2107 697 2166 instans
709 2106 789 2184 apud
801 2125 869 2166 curn
882 2129 900 2163 a
914 2118 945 2166 ut
957 2107 1170 2168 Leodiensibus

137 2208 277 2270 suaderet
291 2219 445 2286 acceptare
457 2225 515 2284 que
527 2205 717 2266 marescallus
732 2206 848 2268 dixerat
862 2217 890 2267 et
901 2207 938 2268 ad
950 2206 1074 2268 liberam
1087 2209 1170 2270 ducis

139 2313 322 2372 voluntatem
352 2310 450 2369 omnia
476 2307 688 2378 subducerent,
717 2308 853 2369 meliores
879 2309 1065 2369 conditiones
1091 2313 1170 2390 pacis

137 2419 378 2488 consequuturos
400 2410 424 2469 si
449 2409 505 2468 boe
525 2417 648 2486 agerent
662 2417 692 2467 et
707 2407 812 2468 ducem
830 2409 930 2468 ruritius
946 2427 1014 2468 cum
1029 2411 1072 2470 eis
1087 2421 1171 2480 aetu-

139 2531 208 2573 rum
224 2532 242 2568 >›
268 2511 320 2570 Cui
344 2511 458 2588 legatus
472 2527 481 2569 t
497 2531 515 2566 a
530 2510 708 2579 Meminisse,
724 2509 831 2585 inquit,
847 2508 937 2568 debes
960 2520 1071 2586 quanta
1097 2512 1171 2572 mihi

138 2636 156 2671 t>
177 2613 305 2673 dirersis
330 2612 402 2672 loeis
426 2620 456 2670 et
483 2609 667 2689 temporibus
686 2608 796 2669 dixeris
812 2609 848 2668 de
862 2609 1028 2671 intentione
1044 2610 1127 2672 ducis
1142 2625 1172 2672 et

138 2736 156 2773 a>
178 2732 303 2775 suorum
329 2712 366 2772 ad
385 2712 534 2773 civitatem
552 2710 755 2782 evertendam,
775 2719 805 2769 et
824 2711 911 2788 plura
931 2711 991 2770 scio
1006 2731 1096 2789 quam
1113 2714 1171 2791 ipsi

137 2837 156 2873 a
178 2815 273 2875 sciant
293 2813 331 2874 dc
349 2823 447 2873 vestra
465 2813 632 2872 intentione
647 2822 677 2870 et
691 2810 828 2872 maximis
846 2811 1068 2874 calliditatibus.
1084 2815 1170 2888 Quod

137 2939 155 2974 a
177 2929 278 2977 autern
298 2935 377 2974 nune
396 2914 439 2974 eis
455 2912 581 2974 suadere
595 2912 718 2973 debeam
736 2923 769 2972 ut
785 2911 822 2970 ad
838 2913 1021 2974 voluntatem
1036 2913 1120 2975 ducis
1139 2936 1171 2976 sc

138 3038 156 3074 a
178 3017 299 3088 dedant,
320 3025 416 3075 stante
441 3013 599 3074 hao'truei
621 3014 791 3074 animorum
817 3025 986 3074 vestrorum
1014 3018 1171 3092 sententia,

138 3141 156 3176 a
179 3119 278 3178 nescio
298 3136 356 3194 qua
379 3117 559 3177 conscientia
579 3127 631 3176 aut
651 3105 766 3176 honore
785 3115 866 3194 apud
881 3119 975 3176 Deum
991 3126 1020 3178 et
1035 3116 1172 3180 homines

138 3241 155 3276 n
178 3219 236 3280 hoc
256 3237 344 3297 agere
363 3216 497 3290 debeam,
513 3218 570 3278 nisi
584 3219 665 3296 prius
680 3238 695 3276 a
711 3217 795 3278 vobis
810 3218 986 3280 intellexero
1001 3221 1095 3296 qualis
1116 3221 1171 3282 hee

137 3344 155 3379 a
177 3322 315 3380 voluntas
336 3330 388 3380 aut
410 3320 551 3380 discretio
570 3332 667 3380 vestra
688 3319 790 3380 futura
810 3321 863 3394 sit;
879 3321 904 3380 si
920 3331 1019 3382 tamen
1040 3321 1096 3382 hoc
1112 3323 1169 3402 ipsi

138 3444 155 3478 »
177 3439 266 3500 agere
284 3421 483 3496 decreverint,
498 3440 546 3480 se..
563 3419 604 3499 (l)
620 3439 680 3480 non
700 3421 915 3480 dissuasurmn.
931 3442 949 3479 a
965 3424 1080 3482 Rursus
1096 3424 1168 3483 Um-

137 3523 278 3584 bereourt
292 3521 327 3581 ad
343 3523 472 3600 legatum
489 3541 496 3582 :
511 3544 528 3580 a
545 3523 712 3599 Utcumque
727 3523 776 3596 sit,
791 3523 897 3582 melius
912 3523 970 3582 erit
985 3541 1039 3600 pro
1054 3524 1096 3584 eis
1112 3524 1168 3585 boc

137 3645 155 3680 a
177 3642 265 3702 agere
276 3641 365 3700 quam
378 3622 453 3683 bello
468 3622 607 3701 experiri.
623 3623 774 3696 Quantum
790 3641 862 3682 vcro
877 3623 913 3681 ad
930 3642 1087 3701 personam
1100 3642 1167 3685 res-

138 3745 155 3780 »
180 3736 254 3783 tram
267 3725 382 3798 attinet,
393 3723 430 3783 de
444 3742 558 3783 summa
570 3722 692 3782 stultitia
705 3742 793 3799 quam
806 3723 854 3782 hie
867 3725 965 3802 Argue
978 3725 1007 3783 in
1026 3743 1090 3783 earn
1107 3727 1167 3804 egit
1218 3712 1220 3716 ’

166 3971 204 4032 (l)
220 3971 288 4021 Deua
302 3971 390 4021 lettres
402 3969 528 4020 illislbles
